<?xml version="1.0" encoding="UTF-8"?>
<!DOCTYPE html PUBLIC "-//W3C//DTD XHTML 1.0 Transitional//EN"
    "http://www.w3.org/TR/xhtml1/DTD/xhtml1-transitional.dtd">
<html xmlns="http://www.w3.org/1999/xhtml" xml:lang="en" lang="en">
 <head>
  <title>
</title>
<meta http-equiv="Content-Type" content="text/html;charset=utf-8" />
  <meta name='ocr-system' content='tesseract 3.04.00' />
  <meta name='ocr-capabilities' content='ocr_page ocr_carea ocr_par ocr_line ocrx_word'/>
</head>
<body>
  <div class='ocr_page' id='page_1' title='image "./tragoediae01aescgoog_0170.png"; bbox 0 0 2436 4116; ppageno 0'>
   <div class='ocr_carea' id='block_1_1' title="bbox 208 300 1024 373">
    <p class='ocr_par' dir='ltr' id='par_1_1' title="bbox 208 300 1024 373">
     <span class='ocr_line' id='line_1_1' title="bbox 208 300 1024 373; baseline 0.009 -9"><span class='ocrx_word' id='word_1_1' title='bbox 208 304 253 364; x_wconf 82' lang='grc' dir='ltr'><strong>ΙΝ</strong></span> <span class='ocrx_word' id='word_1_2' title='bbox 275 302 479 365; x_wconf 78' lang='lat' dir='ltr'>AESCHYLI</span> <span class='ocrx_word' id='word_1_3' title='bbox 502 300 711 364; x_wconf 80' lang='lat' dir='ltr'><strong>Pttottuttt.</strong></span> <span class='ocrx_word' id='word_1_4' title='bbox 738 307 872 370; x_wconf 73' lang='lat' dir='ltr'><strong>t&#39;trtct.</strong></span> <span class='ocrx_word' id='word_1_5' title='bbox 960 311 1024 373; x_wconf 80' lang='lat' dir='ltr'><strong>tot</strong></span> 
     </span>
    </p>
   </div>
   <div class='ocr_carea' id='block_1_2' title="bbox 65 429 1027 756">
    <p class='ocr_par' dir='ltr' id='par_1_2' title="bbox 65 429 1027 756">
     <span class='ocr_line' id='line_1_2' title="bbox 65 429 1026 552; baseline 0.004 -17"><span class='ocrx_word' id='word_1_6' title='bbox 65 429 193 551; x_wconf 71' lang='grc' dir='ltr'><strong><em>κεφαλάς</em></strong></span> <span class='ocrx_word' id='word_1_7' title='bbox 208 463 274 550; x_wconf 80' lang='grc' dir='ltr'><em>εἶχε,</em></span> <span class='ocrx_word' id='word_1_8' title='bbox 297 467 408 532; x_wconf 79' lang='grc' dir='ltr'><strong><em>τούτων</em></strong></span> <span class='ocrx_word' id='word_1_9' title='bbox 423 468 455 532; x_wconf 77' lang='lat' dir='ltr'><strong>ot</strong></span> <span class='ocrx_word' id='word_1_10' title='bbox 474 468 534 532; x_wconf 78' lang='grc' dir='ltr'><strong><em>ἔστι</em></strong></span> <span class='ocrx_word' id='word_1_11' title='bbox 550 465 583 532; x_wconf 83' lang='grc' dir='ltr'><strong><em>τὸ</em></strong></span> <span class='ocrx_word' id='word_1_12' title='bbox 603 470 734 552; x_wconf 78' lang='grc' dir='ltr'><strong><em>συρίζειν.</em></strong></span> <span class='ocrx_word' id='word_1_13' title='bbox 769 470 867 535; x_wconf 85' lang='lat' dir='ltr'><strong>Scitol.</strong></span> <span class='ocrx_word' id='word_1_14' title='bbox 882 473 913 535; x_wconf 84' lang='grc' dir='ltr'><strong>Β.</strong></span> <span class='ocrx_word' id='word_1_15' title='bbox 929 473 1026 539; x_wconf 84' lang='lat' dir='ltr'><strong>Blout·</strong></span> 
     </span>
     <span class='ocr_line' id='line_1_3' title="bbox 66 564 1026 654; baseline 0.005 -21"><span class='ocrx_word' id='word_1_16' title='bbox 66 571 169 635; x_wconf 77' lang='lat' dir='ltr'><strong>lielulus</strong></span> <span class='ocrx_word' id='word_1_17' title='bbox 191 564 312 647; x_wconf 85' lang='grc' dir='ltr'><strong><em>φόνον</em></strong></span> <span class='ocrx_word' id='word_1_18' title='bbox 332 568 544 651; x_wconf 75' lang='lat' dir='ltr'><strong>interpretetur</strong></span> <span class='ocrx_word' id='word_1_19' title='bbox 563 588 721 644; x_wconf 81' lang='lat' dir='ltr'><strong>cruorem,</strong></span> <span class='ocrx_word' id='word_1_20' title='bbox 752 591 826 652; x_wconf 87' lang='lat' dir='ltr'><strong>quoe</strong></span> <span class='ocrx_word' id='word_1_21' title='bbox 847 572 961 654; x_wconf 85' lang='lat' dir='ltr'><strong>quidem</strong></span> <span class='ocrx_word' id='word_1_22' title='bbox 985 575 1026 638; x_wconf 82' lang='lat' dir='ltr'><strong>si·</strong></span> 
     </span>
     <span class='ocr_line' id='line_1_4' title="bbox 66 667 1027 756; baseline 0.005 -25"><span class='ocrx_word' id='word_1_23' title='bbox 66 668 383 754; x_wconf 75' lang='lat' dir='ltr'><strong>gntocauotrequens</strong></span> <span class='ocrx_word' id='word_1_24' title='bbox 410 678 474 742; x_wconf 88' lang='lat' dir='ltr'><strong>est,</strong></span> <span class='ocrx_word' id='word_1_25' title='bbox 504 668 555 730; x_wconf 88' lang='lat' dir='ltr'><strong>sed</strong></span> <span class='ocrx_word' id='word_1_26' title='bbox 585 667 613 728; x_wconf 90' lang='lat' dir='ltr'><strong>lt.</strong></span> <span class='ocrx_word' id='word_1_27' title='bbox 640 667 660 728; x_wconf 94' lang='lat' dir='ltr'><strong>l.</strong></span> <span class='ocrx_word' id='word_1_28' title='bbox 690 668 785 750; x_wconf 85' lang='lat' dir='ltr'><strong>optior</strong></span> <span class='ocrx_word' id='word_1_29' title='bbox 813 681 859 732; x_wconf 86' lang='lat' dir='ltr'><strong>est</strong></span> <span class='ocrx_word' id='word_1_30' title='bbox 884 691 938 747; x_wconf 85' lang='lat' dir='ltr'><strong>en,</strong></span> <span class='ocrx_word' id='word_1_31' title='bbox 968 695 1027 756; x_wconf 84' lang='lat' dir='ltr'><strong>quo</strong></span> 
     </span>
    </p>
   </div>
   <div class='ocr_carea' id='block_1_3' title="bbox 66 764 1124 854">
    <p class='ocr_par' dir='ltr' id='par_1_3' title="bbox 66 764 1124 854">
     <span class='ocr_line' id='line_1_5' title="bbox 66 764 1124 854; baseline 0.004 -23"><span class='ocrx_word' id='word_1_32' title='bbox 66 764 183 854; x_wconf 87' lang='lat' dir='ltr'><strong>proprie</strong></span> <span class='ocrx_word' id='word_1_33' title='bbox 212 769 326 835; x_wconf 78' lang='lat' dir='ltr'><strong>caeder</strong></span> <span class='ocrx_word' id='word_1_34' title='bbox 353 765 545 850; x_wconf 68' lang='lat' dir='ltr'><strong>intelligitur,</strong></span> <span class='ocrx_word' id='word_1_35' title='bbox 576 764 657 848; x_wconf 80' lang='lat' dir='ltr'><strong>quasi</strong></span> <span class='ocrx_word' id='word_1_36' title='bbox 684 766 809 830; x_wconf 78' lang='lat' dir='ltr'><strong>interfici</strong></span> <span class='ocrx_word' id='word_1_37' title='bbox 839 771 951 851; x_wconf 87' lang='lat' dir='ltr'><strong>possint</strong></span> <span class='ocrx_word' id='word_1_38' title='bbox 974 775 1024 836; x_wconf 86' lang='lat' dir='ltr'><strong>dii.</strong></span> <span class='ocrx_word' id='word_1_39' title='bbox 1120 813 1124 819; x_wconf 93' lang='lat'>-</span> 
     </span>
    </p>
   </div>
   <div class='ocr_carea' id='block_1_4' title="bbox 55 865 1102 2818">
    <p class='ocr_par' dir='ltr' id='par_1_4' title="bbox 66 865 1028 1050">
     <span class='ocr_line' id='line_1_6' title="bbox 66 865 1028 953; baseline 0.008 -24"><span class='ocrx_word' id='word_1_40' title='bbox 66 867 234 930; x_wconf 83' lang='lat' dir='ltr'><strong>Monstrum</strong></span> <span class='ocrx_word' id='word_1_41' title='bbox 266 876 327 928; x_wconf 83' lang='lat' dir='ltr'><strong>tem</strong></span> <span class='ocrx_word' id='word_1_42' title='bbox 355 865 494 929; x_wconf 76' lang='lat' dir='ltr'><strong>horribile</strong></span> <span class='ocrx_word' id='word_1_43' title='bbox 521 866 595 940; x_wconf 88' lang='lat' dir='ltr'><strong>luit,</strong></span> <span class='ocrx_word' id='word_1_44' title='bbox 633 875 667 928; x_wconf 88' lang='lat' dir='ltr'><strong>ut</strong></span> <span class='ocrx_word' id='word_1_45' title='bbox 694 866 830 930; x_wconf 80' lang='lat' dir='ltr'><strong>cornibus</strong></span> <span class='ocrx_word' id='word_1_46' title='bbox 856 879 944 953; x_wconf 83' lang='lat' dir='ltr'><strong>etque</strong></span> <span class='ocrx_word' id='word_1_47' title='bbox 973 873 1028 938; x_wconf 76' lang='lat' dir='ltr'><strong>uiis</strong></span> 
     </span>
     <span class='ocr_line' id='line_1_7' title="bbox 67 964 600 1050; baseline -0.006 -23"><span class='ocrx_word' id='word_1_48' title='bbox 67 965 139 1050; x_wconf 86' lang='lat' dir='ltr'><strong>ipsis</strong></span> <span class='ocrx_word' id='word_1_49' title='bbox 162 975 286 1027; x_wconf 88' lang='lat' dir='ltr'><strong>mortem</strong></span> <span class='ocrx_word' id='word_1_50' title='bbox 311 964 415 1027; x_wconf 83' lang='lat' dir='ltr'><strong>minari</strong></span> <span class='ocrx_word' id='word_1_51' title='bbox 439 965 600 1027; x_wconf 87' lang='lat' dir='ltr'><strong>videretur.</strong></span> 
     </span>
    </p>

    <p class='ocr_par' dir='ltr' id='par_1_5' title="bbox 55 1046 1102 2330">
     <span class='ocr_line' id='line_1_8' title="bbox 127 1046 1031 1144; baseline 0.006 -18"><span class='ocrx_word' id='word_1_52' title='bbox 127 1062 166 1126; x_wconf 88' lang='lat' dir='ltr'><strong>V.</strong></span> <span class='ocrx_word' id='word_1_53' title='bbox 189 1065 262 1127; x_wconf 86' lang='grc'><strong>356.</strong></span> <span class='ocrx_word' id='word_1_54' title='bbox 315 1061 349 1138; x_wconf 76' lang='grc' dir='ltr'><strong>ἐξ</strong></span> <span class='ocrx_word' id='word_1_55' title='bbox 377 1060 562 1144; x_wconf 77' lang='grc' dir='ltr'><em>ὀμμάτων.</em></span> <span class='ocrx_word' id='word_1_56' title='bbox 599 1046 790 1126; x_wconf 80' lang='lat' dir='ltr'><strong>&#39;Schuetztus</strong></span> <span class='ocrx_word' id='word_1_57' title='bbox 820 1078 1031 1131; x_wconf 69' lang='lat' dir='ltr'><strong>commemorat</strong></span> 
     </span>
     <span class='ocr_line' id='line_1_9' title="bbox 68 1159 1029 1245; baseline 0.005 -20"><span class='ocrx_word' id='word_1_58' title='bbox 68 1162 123 1225; x_wconf 88' lang='lat' dir='ltr'><strong>ltoc</strong></span> <span class='ocrx_word' id='word_1_59' title='bbox 146 1161 333 1245; x_wconf 78' lang='lat' dir='ltr'><strong>Apollodori:</strong></span> <span class='ocrx_word' id='word_1_60' title='bbox 362 1169 422 1245; x_wconf 82' lang='grc' dir='ltr'><strong><em>ττῦρ</em></strong></span> <span class='ocrx_word' id='word_1_61' title='bbox 444 1161 476 1224; x_wconf 74' lang='grc' dir='ltr'><strong>δὲ</strong></span> <span class='ocrx_word' id='word_1_62' title='bbox 497 1161 626 1243; x_wconf 79' lang='grc' dir='ltr'><strong><em>ἐδέρκετο</em></strong></span> <span class='ocrx_word' id='word_1_63' title='bbox 646 1169 707 1234; x_wconf 82' lang='grc' dir='ltr'><strong><em>τοῖς</em></strong></span> <span class='ocrx_word' id='word_1_64' title='bbox 728 1159 843 1242; x_wconf 64' lang='lat' dir='ltr'><strong>lippiunt.</strong></span> <span class='ocrx_word' id='word_1_65' title='bbox 887 1160 1029 1230; x_wconf 84' lang='lat' dir='ltr'><strong>Nostrum</strong></span> 
     </span>
     <span class='ocr_line' id='line_1_10' title="bbox 69 1261 1032 1346; baseline 0.003 -23"><span class='ocrx_word' id='word_1_66' title='bbox 69 1261 166 1323; x_wconf 86' lang='lat' dir='ltr'><strong>locum</strong></span> <span class='ocrx_word' id='word_1_67' title='bbox 189 1270 292 1324; x_wconf 80' lang='lat' dir='ltr'><strong>verte:</strong></span> <span class='ocrx_word' id='word_1_68' title='bbox 322 1283 362 1323; x_wconf 79' lang='grc' dir='ltr'><strong><em>ατ</em></strong></span> <span class='ocrx_word' id='word_1_69' title='bbox 378 1263 476 1322; x_wconf 75' lang='lat' dir='ltr'><strong>oeulis</strong></span> <span class='ocrx_word' id='word_1_70' title='bbox 495 1270 601 1323; x_wconf 83' lang='lat' dir='ltr'><strong>nutem</strong></span> <span class='ocrx_word' id='word_1_71' title='bbox 620 1261 778 1322; x_wconf 71' lang='lat' dir='ltr'><strong>enaitteoat</strong></span> <span class='ocrx_word' id='word_1_72' title='bbox 795 1280 820 1322; x_wconf 85' lang='lat' dir='ltr'><strong>s.</strong></span> <span class='ocrx_word' id='word_1_73' title='bbox 837 1262 1032 1346; x_wconf 76' lang='lat' dir='ltr'><strong>fulgurabat</strong></span> 
     </span>
     <span class='ocr_line' id='line_1_11' title="bbox 68 1354 1031 1442; baseline 0.008 -22"><span class='ocrx_word' id='word_1_74' title='bbox 68 1369 193 1422; x_wconf 84' lang='lat' dir='ltr'><strong>toruum</strong></span> <span class='ocrx_word' id='word_1_75' title='bbox 224 1361 340 1425; x_wconf 80' lang='lat' dir='ltr'><strong>tumen.</strong></span> <span class='ocrx_word' id='word_1_76' title='bbox 373 1354 533 1442; x_wconf 76' lang='grc' dir='ltr'><strong><em>’γοργοκτὸς</em></strong></span> <span class='ocrx_word' id='word_1_77' title='bbox 558 1369 605 1422; x_wconf 89' lang='lat' dir='ltr'><strong>est</strong></span> <span class='ocrx_word' id='word_1_78' title='bbox 636 1360 786 1442; x_wconf 78' lang='lat' dir='ltr'><strong>adspectu</strong></span> <span class='ocrx_word' id='word_1_79' title='bbox 806 1369 930 1440; x_wconf 82' lang='lat' dir='ltr'><strong>turcus,</strong></span> <span class='ocrx_word' id='word_1_80' title='bbox 962 1367 1031 1428; x_wconf 74' lang='grc' dir='ltr'><strong><em>τάνυ</em></strong></span> 
     </span>
     <span class='ocr_line' id='line_1_12' title="bbox 69 1461 1031 1521; baseline -0.002 0"><span class='ocrx_word' id='word_1_81' title='bbox 69 1461 224 1521; x_wconf 77' lang='lat' dir='ltr'><strong>terribilis.</strong></span> <span class='ocrx_word' id='word_1_82' title='bbox 1027 1508 1031 1513; x_wconf 95' lang='lat'><strong>.</strong></span> 
     </span>
     <span class='ocr_line' id='line_1_13' title="bbox 55 1549 1033 1641; baseline 0.006 -22"><span class='ocrx_word' id='word_1_83' title='bbox 55 1611 60 1619; x_wconf 85' lang='lat'><strong>.</strong></span> <span class='ocrx_word' id='word_1_84' title='bbox 107 1556 168 1619; x_wconf 89' lang='lat' dir='ltr'><strong>-V.</strong></span> <span class='ocrx_word' id='word_1_85' title='bbox 185 1549 259 1620; x_wconf 82' lang='grc'><strong>359.</strong></span> <span class='ocrx_word' id='word_1_86' title='bbox 290 1550 522 1636; x_wconf 74' lang='grc' dir='ltr'><strong><em>καταιβάτης</em></strong></span> <span class='ocrx_word' id='word_1_87' title='bbox 547 1549 743 1638; x_wconf 75' lang='grc' dir='ltr'><strong><em>κεραυνός.</em></strong></span> <span class='ocrx_word' id='word_1_88' title='bbox 771 1553 1033 1641; x_wconf 82' lang='lat' dir='ltr'><strong>Interprelescon·</strong></span> 
     </span>
     <span class='ocr_line' id='line_1_14' title="bbox 70 1652 1034 1740; baseline 0.001 -20"><span class='ocrx_word' id='word_1_89' title='bbox 70 1657 171 1721; x_wconf 85' lang='lat' dir='ltr'><strong>icrunt</strong></span> <span class='ocrx_word' id='word_1_90' title='bbox 192 1655 290 1719; x_wconf 86' lang='lat' dir='ltr'><strong>Sclrol.</strong></span> <span class='ocrx_word' id='word_1_91' title='bbox 314 1655 350 1716; x_wconf 82' lang='lat' dir='ltr'><strong>at</strong></span> <span class='ocrx_word' id='word_1_92' title='bbox 369 1652 518 1735; x_wconf 80' lang='lat' dir='ltr'><strong>Aristoph.</strong></span> <span class='ocrx_word' id='word_1_93' title='bbox 539 1654 638 1736; x_wconf 87' lang='lat' dir='ltr'><strong>Equit.</strong></span> <span class='ocrx_word' id='word_1_94' title='bbox 663 1675 693 1718; x_wconf 89' lang='lat' dir='ltr'><strong>v.</strong></span> <span class='ocrx_word' id='word_1_95' title='bbox 717 1654 790 1717; x_wconf 89' lang='grc'><strong>693.</strong></span> <span class='ocrx_word' id='word_1_96' title='bbox 811 1663 869 1718; x_wconf 82' lang='grc' dir='ltr'><strong><em>τῶν</em></strong></span> <span class='ocrx_word' id='word_1_97' title='bbox 883 1664 1034 1740; x_wconf 80' lang='grc' dir='ltr'><strong><em>κεραυνῶν</em></strong></span> 
     </span>
     <span class='ocr_line' id='line_1_15' title="bbox 73 1749 1033 1837; baseline 0.002 -19"><span class='ocrx_word' id='word_1_98' title='bbox 73 1756 104 1820; x_wconf 79' lang='grc' dir='ltr'><strong>οἱ</strong></span> <span class='ocrx_word' id='word_1_99' title='bbox 120 1755 173 1836; x_wconf 69' lang='grc' dir='ltr'><strong>μὲν</strong></span> <span class='ocrx_word' id='word_1_100' title='bbox 193 1749 373 1835; x_wconf 84' lang='grc' dir='ltr'><strong><em>καταιβάται,</em></strong></span> <span class='ocrx_word' id='word_1_101' title='bbox 393 1753 425 1815; x_wconf 80' lang='grc' dir='ltr'><strong>οἱ</strong></span> <span class='ocrx_word' id='word_1_102' title='bbox 444 1749 657 1831; x_wconf 65' lang='lat' dir='ltr'><strong>lincoliensen,</strong></span> <span class='ocrx_word' id='word_1_103' title='bbox 680 1754 711 1816; x_wconf 77' lang='grc' dir='ltr'><strong>οῖ</strong></span> <span class='ocrx_word' id='word_1_104' title='bbox 726 1751 758 1816; x_wconf 67' lang='grc' dir='ltr'><strong>δὲ</strong></span> <span class='ocrx_word' id='word_1_105' title='bbox 777 1751 899 1837; x_wconf 80' lang='grc' dir='ltr'><strong><em>άργῆτες</em></strong></span> <span class='ocrx_word' id='word_1_106' title='bbox 912 1763 1033 1820; x_wconf 79' lang='grc' dir='ltr'><strong><em>καλοῦν-</em></strong></span> 
     </span>
     <span class='ocr_line' id='line_1_16' title="bbox 72 1845 1102 1935; baseline 0.001 -18"><span class='ocrx_word' id='word_1_107' title='bbox 72 1878 136 1933; x_wconf 82' lang='grc' dir='ltr'><strong><em>ται,</em></strong></span> <span class='ocrx_word' id='word_1_108' title='bbox 165 1849 205 1925; x_wconf 77' lang='grc' dir='ltr'><strong>ὥς</strong></span> <span class='ocrx_word' id='word_1_109' title='bbox 224 1851 358 1935; x_wconf 81' lang='grc' dir='ltr'><strong><em>Ὅμηρος</em></strong></span> <span class='ocrx_word' id='word_1_110' title='bbox 387 1848 544 1932; x_wconf 81' lang='grc' dir='ltr'><strong><em>ὠνόμασεν.</em></strong></span> <span class='ocrx_word' id='word_1_111' title='bbox 594 1853 715 1915; x_wconf 73' lang='lat' dir='ltr'><strong>Fulmen</strong></span> <span class='ocrx_word' id='word_1_112' title='bbox 737 1856 891 1916; x_wconf 81' lang='lat' dir='ltr'><strong>caducum</strong></span> <span class='ocrx_word' id='word_1_113' title='bbox 914 1854 1032 1932; x_wconf 77' lang='lat' dir='ltr'><strong>uiuitur,</strong></span> <span class='ocrx_word' id='word_1_114' title='bbox 1099 1845 1102 1853; x_wconf 40' lang='lat'><strong>¹</strong></span> 
     </span>
     <span class='ocr_line' id='line_1_17' title="bbox 72 1949 1035 2036; baseline 0.002 -20"><span class='ocrx_word' id='word_1_115' title='bbox 72 1953 203 2036; x_wconf 73' lang='lat' dir='ltr'><strong>ul&#39;npud</strong></span> <span class='ocrx_word' id='word_1_116' title='bbox 225 1951 328 2014; x_wconf 83' lang='lat' dir='ltr'><strong>Horat.</strong></span> <span class='ocrx_word' id='word_1_117' title='bbox 358 1949 412 2013; x_wconf 87' lang='lat' dir='ltr'><strong>ot.</strong></span> <span class='ocrx_word' id='word_1_118' title='bbox 435 1950 487 2023; x_wconf 90' lang='lat' dir='ltr'><strong>tlt,</strong></span> <span class='ocrx_word' id='word_1_119' title='bbox 509 1951 543 2026; x_wconf 88' lang='grc'><strong>4,</strong></span> <span class='ocrx_word' id='word_1_120' title='bbox 564 1951 617 2013; x_wconf 87' lang='grc'><strong>44.</strong></span> <span class='ocrx_word' id='word_1_121' title='bbox 640 1954 780 2031; x_wconf 79' lang='lat' dir='ltr'><strong>fulmine</strong></span> <span class='ocrx_word' id='word_1_122' title='bbox 800 1955 962 2015; x_wconf 74' lang='lat' dir='ltr'><strong>sustulerit</strong></span> <span class='ocrx_word' id='word_1_123' title='bbox 982 1974 1035 2018; x_wconf 85' lang='lat' dir='ltr'><strong>co·</strong></span> 
     </span>
     <span class='ocr_line' id='line_1_18' title="bbox 74 2039 1035 2131; baseline 0.001 -17"><span class='ocrx_word' id='word_1_124' title='bbox 74 2054 167 2114; x_wconf 79' lang='lat' dir='ltr'><strong>duco.</strong></span> <span class='ocrx_word' id='word_1_125' title='bbox 211 2039 438 2131; x_wconf 72' lang='grc' dir='ltr'><strong><em>’καταιβάτης</em></strong></span> <span class='ocrx_word' id='word_1_126' title='bbox 460 2048 537 2112; x_wconf 90' lang='lat' dir='ltr'><strong>enim</strong></span> <span class='ocrx_word' id='word_1_127' title='bbox 559 2058 610 2110; x_wconf 86' lang='lat' dir='ltr'><strong>est</strong></span> <span class='ocrx_word' id='word_1_128' title='bbox 627 2047 666 2124; x_wconf 92' lang='lat' dir='ltr'><strong>is,</strong></span> <span class='ocrx_word' id='word_1_129' title='bbox 690 2049 738 2131; x_wconf 86' lang='lat' dir='ltr'><strong>qui</strong></span> <span class='ocrx_word' id='word_1_130' title='bbox 761 2072 801 2112; x_wconf 90' lang='lat' dir='ltr'><strong>ex</strong></span> <span class='ocrx_word' id='word_1_131' title='bbox 817 2052 876 2113; x_wconf 87' lang='lat' dir='ltr'><strong>ulto</strong></span> <span class='ocrx_word' id='word_1_132' title='bbox 892 2048 1035 2115; x_wconf 78' lang='lat' dir='ltr'><strong>delebitur</strong></span> 
     </span>
     <span class='ocr_line' id='line_1_19' title="bbox 73 2143 1035 2229; baseline -0.003 -16"><span class='ocrx_word' id='word_1_133' title='bbox 73 2150 106 2213; x_wconf 85' lang='lat' dir='ltr'><strong>in</strong></span> <span class='ocrx_word' id='word_1_134' title='bbox 134 2155 257 2212; x_wconf 80' lang='lat' dir='ltr'><strong>terrem.</strong></span> <span class='ocrx_word' id='word_1_135' title='bbox 301 2148 383 2211; x_wconf 84' lang='lat' dir='ltr'><strong>Alius</strong></span> <span class='ocrx_word' id='word_1_136' title='bbox 412 2144 430 2211; x_wconf 85' lang='grc' dir='ltr'><strong><em>ά</em></strong></span> <span class='ocrx_word' id='word_1_137' title='bbox 458 2143 600 2229; x_wconf 78' lang='grc' dir='ltr'><strong><em>κεραυνὸς</em></strong></span> <span class='ocrx_word' id='word_1_138' title='bbox 626 2158 752 2209; x_wconf 85' lang='lat' dir='ltr'><strong>vocetur</strong></span> <span class='ocrx_word' id='word_1_139' title='bbox 780 2146 908 2227; x_wconf 78' lang='grc' dir='ltr'><strong><em>σκηπτὸς</em></strong></span> <span class='ocrx_word' id='word_1_140' title='bbox 932 2146 1035 2216; x_wconf 81' lang='lat' dir='ltr'><strong>eodem</strong></span> 
     </span>
     <span class='ocr_line' id='line_1_20' title="bbox 75 2245 658 2330; baseline -0.017 -16"><span class='ocrx_word' id='word_1_141' title='bbox 75 2270 178 2314; x_wconf 83' lang='lat' dir='ltr'><strong>seusu.</strong></span> <span class='ocrx_word' id='word_1_142' title='bbox 222 2248 268 2310; x_wconf 84' lang='lat' dir='ltr'><strong>ut.</strong></span> <span class='ocrx_word' id='word_1_143' title='bbox 294 2246 383 2330; x_wconf 89' lang='lat' dir='ltr'><strong>Soph.</strong></span> <span class='ocrx_word' id='word_1_144' title='bbox 408 2245 508 2329; x_wconf 79' lang='lat' dir='ltr'><strong>Autig.</strong></span> <span class='ocrx_word' id='word_1_145' title='bbox 533 2267 564 2308; x_wconf 94' lang='lat' dir='ltr'><strong>v.</strong></span> <span class='ocrx_word' id='word_1_146' title='bbox 584 2245 658 2308; x_wconf 82' lang='lat'><strong>418.</strong></span> 
     </span>
    </p>

    <p class='ocr_par' dir='ltr' id='par_1_6' title="bbox 74 2343 1041 2818">
     <span class='ocr_line' id='line_1_21' title="bbox 141 2343 1037 2420; baseline -0.006 -7"><span class='ocrx_word' id='word_1_147' title='bbox 141 2348 177 2412; x_wconf 91' lang='lat' dir='ltr'><strong>V.</strong></span> <span class='ocrx_word' id='word_1_148' title='bbox 199 2348 272 2412; x_wconf 76' lang='grc'><strong>369.</strong></span> <span class='ocrx_word' id='word_1_149' title='bbox 317 2343 458 2420; x_wconf 79' lang='grc' dir='ltr'><em>σθένος</em></span> <span class='ocrx_word' id='word_1_150' title='bbox 479 2366 539 2407; x_wconf 91' lang='lat' dir='ltr'><strong>nou</strong></span> <span class='ocrx_word' id='word_1_151' title='bbox 560 2343 760 2406; x_wconf 80' lang='lat' dir='ltr'><strong>nominativus</strong></span> <span class='ocrx_word' id='word_1_152' title='bbox 783 2345 896 2407; x_wconf 81' lang='lat' dir='ltr'><strong>estred</strong></span> <span class='ocrx_word' id='word_1_153' title='bbox 915 2365 1037 2408; x_wconf 74' lang='lat' dir='ltr'><strong>accusa·</strong></span> 
     </span>
     <span class='ocr_line' id='line_1_22' title="bbox 75 2441 1035 2530; baseline -0.005 -20"><span class='ocrx_word' id='word_1_154' title='bbox 75 2447 156 2512; x_wconf 90' lang='lat' dir='ltr'><strong>tivus</strong></span> <span class='ocrx_word' id='word_1_155' title='bbox 177 2448 243 2530; x_wconf 88' lang='lat' dir='ltr'><strong>ejus</strong></span> <span class='ocrx_word' id='word_1_156' title='bbox 264 2444 321 2519; x_wconf 86' lang='lat' dir='ltr'><strong>rei,</strong></span> <span class='ocrx_word' id='word_1_157' title='bbox 344 2465 418 2527; x_wconf 86' lang='lat' dir='ltr'><strong>quoe</strong></span> <span class='ocrx_word' id='word_1_158' title='bbox 439 2444 600 2508; x_wconf 82' lang='lat' dir='ltr'><strong>excutitur.</strong></span> <span class='ocrx_word' id='word_1_159' title='bbox 645 2444 687 2507; x_wconf 81' lang='lat' dir='ltr'><strong>lte</strong></span> <span class='ocrx_word' id='word_1_160' title='bbox 707 2443 796 2525; x_wconf 87' lang='lat' dir='ltr'><strong>Soph.</strong></span> <span class='ocrx_word' id='word_1_161' title='bbox 816 2444 865 2525; x_wconf 81' lang='lat' dir='ltr'><strong>Aj.</strong></span> <span class='ocrx_word' id='word_1_162' title='bbox 889 2464 920 2506; x_wconf 87' lang='lat' dir='ltr'><strong>v.</strong></span> <span class='ocrx_word' id='word_1_163' title='bbox 943 2441 1035 2508; x_wconf 85' lang='lat'><strong>1178.</strong></span> 
     </span>
     <span class='ocr_line' id='line_1_23' title="bbox 74 2540 1038 2630; baseline -0.003 -21"><span class='ocrx_word' id='word_1_164' title='bbox 74 2547 179 2630; x_wconf 76' lang='grc' dir='ltr'><strong><em>γένους</em></strong></span> <span class='ocrx_word' id='word_1_165' title='bbox 204 2543 332 2617; x_wconf 78' lang='grc' dir='ltr'><strong><em>άκαυτος</em></strong></span> <span class='ocrx_word' id='word_1_166' title='bbox 357 2545 438 2625; x_wconf 76' lang='grc' dir='ltr'><strong><em>ῥίζαν</em></strong></span> <span class='ocrx_word' id='word_1_167' title='bbox 456 2543 649 2625; x_wconf 66' lang='grc' dir='ltr'><strong>1ἐξηρτημένος.</strong></span> <span class='ocrx_word' id='word_1_168' title='bbox 700 2543 809 2606; x_wconf 80' lang='lat' dir='ltr'><strong>Poetae</strong></span> <span class='ocrx_word' id='word_1_169' title='bbox 835 2540 932 2603; x_wconf 82' lang='lat' dir='ltr'><strong>Latini</strong></span> <span class='ocrx_word' id='word_1_170' title='bbox 962 2540 1038 2606; x_wconf 80' lang='lat' dir='ltr'><strong>hooc</strong></span> 
     </span>
     <span class='ocr_line' id='line_1_24' title="bbox 76 2642 1041 2727; baseline -0.006 -18"><span class='ocrx_word' id='word_1_171' title='bbox 76 2644 327 2710; x_wconf 77' lang='lat' dir='ltr'><strong>constructionem</strong></span> <span class='ocrx_word' id='word_1_172' title='bbox 349 2654 472 2727; x_wconf 82' lang='lat' dir='ltr'><strong>possunt</strong></span> <span class='ocrx_word' id='word_1_173' title='bbox 492 2643 600 2708; x_wconf 79' lang='lat' dir='ltr'><strong>imitari</strong></span> <span class='ocrx_word' id='word_1_174' title='bbox 608 2689 618 2718; x_wconf 92' lang='lat'><strong><em>,</em></strong></span> <span class='ocrx_word' id='word_1_175' title='bbox 642 2653 672 2706; x_wconf 89' lang='lat' dir='ltr'><strong>ct</strong></span> <span class='ocrx_word' id='word_1_176' title='bbox 691 2642 804 2705; x_wconf 85' lang='lat' dir='ltr'><strong>dicere:</strong></span> <span class='ocrx_word' id='word_1_177' title='bbox 824 2642 963 2722; x_wconf 81' lang='lat' dir='ltr'><strong>fulmine</strong></span> <span class='ocrx_word' id='word_1_178' title='bbox 985 2643 1041 2703; x_wconf 72' lang='lat' dir='ltr'><strong>eli·</strong></span> 
     </span>
     <span class='ocr_line' id='line_1_25' title="bbox 75 2740 1035 2818; baseline -0.006 -10"><span class='ocrx_word' id='word_1_179' title='bbox 75 2766 132 2808; x_wconf 76' lang='lat' dir='ltr'><strong>rue</strong></span> <span class='ocrx_word' id='word_1_180' title='bbox 159 2753 206 2806; x_wconf 81' lang='lat' dir='ltr'><strong>cst</strong></span> <span class='ocrx_word' id='word_1_181' title='bbox 231 2745 343 2818; x_wconf 84' lang='grc' dir='ltr'><strong><em>τοΙιιττ,</em></strong></span> <span class='ocrx_word' id='word_1_182' title='bbox 377 2743 406 2805; x_wconf 89' lang='lat' dir='ltr'><strong>h.</strong></span> <span class='ocrx_word' id='word_1_183' title='bbox 431 2763 459 2806; x_wconf 88' lang='lat' dir='ltr'><strong>e.</strong></span> <span class='ocrx_word' id='word_1_184' title='bbox 486 2743 615 2806; x_wconf 90' lang='lat' dir='ltr'><strong>tonitruo</strong></span> <span class='ocrx_word' id='word_1_185' title='bbox 638 2745 749 2805; x_wconf 82' lang='lat' dir='ltr'><strong>fractus</strong></span> <span class='ocrx_word' id='word_1_186' title='bbox 770 2752 818 2804; x_wconf 90' lang='lat' dir='ltr'><strong>cst</strong></span> <span class='ocrx_word' id='word_1_187' title='bbox 835 2740 960 2803; x_wconf 86' lang='lat' dir='ltr'><strong>viribus.</strong></span> <span class='ocrx_word' id='word_1_188' title='bbox 999 2740 1035 2802; x_wconf 86' lang='lat' dir='ltr'><strong>V.</strong></span> 
     </span>
    </p>
   </div>
   <div class='ocr_carea' id='block_1_5' title="bbox 77 2839 1040 2925">
    <p class='ocr_par' dir='ltr' id='par_1_7' title="bbox 77 2839 1040 2925">
     <span class='ocr_line' id='line_1_26' title="bbox 77 2839 1040 2925; baseline -0.005 -18"><span class='ocrx_word' id='word_1_189' title='bbox 77 2844 183 2908; x_wconf 75' lang='lat' dir='ltr'><strong>Metto.</strong></span> <span class='ocrx_word' id='word_1_190' title='bbox 201 2842 253 2906; x_wconf 89' lang='lat' dir='ltr'><strong>Gr.</strong></span> <span class='ocrx_word' id='word_1_191' title='bbox 274 2843 325 2906; x_wconf 86' lang='lat' dir='ltr'><strong>Gr.</strong></span> <span class='ocrx_word' id='word_1_192' title='bbox 340 2865 380 2905; x_wconf 93' lang='lat' dir='ltr'><strong>m.</strong></span> <span class='ocrx_word' id='word_1_193' title='bbox 405 2844 435 2923; x_wconf 59' lang='grc' dir='ltr'><strong>ς.</strong></span> <span class='ocrx_word' id='word_1_194' title='bbox 453 2843 525 2907; x_wconf 74' lang='grc'><strong>494.</strong></span> <span class='ocrx_word' id='word_1_195' title='bbox 545 2845 574 2904; x_wconf 76' lang='lat'><strong>2.</strong></span> <span class='ocrx_word' id='word_1_196' title='bbox 596 2843 627 2904; x_wconf 87' lang='grc'><strong>3.</strong></span> <span class='ocrx_word' id='word_1_197' title='bbox 650 2863 678 2925; x_wconf 92' lang='lat' dir='ltr'><strong>p.</strong></span> <span class='ocrx_word' id='word_1_198' title='bbox 695 2841 768 2904; x_wconf 86' lang='grc'><strong>947.</strong></span> <span class='ocrx_word' id='word_1_199' title='bbox 814 2840 927 2902; x_wconf 88' lang='lat' dir='ltr'><strong>Sensus</strong></span> <span class='ocrx_word' id='word_1_200' title='bbox 951 2839 1040 2922; x_wconf 77' lang='lat' dir='ltr'><strong>liujus</strong></span> 
     </span>
    </p>
   </div>
   <div class='ocr_carea' id='block_1_6' title="bbox 77 2941 1149 3027">
    <p class='ocr_par' dir='ltr' id='par_1_8' title="bbox 77 2941 1149 3027">
     <span class='ocr_line' id='line_1_27' title="bbox 77 2941 1149 3027; baseline -0.007 -22"><span class='ocrx_word' id='word_1_201' title='bbox 77 2942 135 3005; x_wconf 93' lang='lat' dir='ltr'><strong>loci</strong></span> <span class='ocrx_word' id='word_1_202' title='bbox 157 2953 219 3014; x_wconf 85' lang='lat' dir='ltr'><strong>est:</strong></span> <span class='ocrx_word' id='word_1_203' title='bbox 243 2945 370 3022; x_wconf 78' lang='lat' dir='ltr'><strong>fulmen</strong></span> <span class='ocrx_word' id='word_1_204' title='bbox 386 2964 457 3005; x_wconf 81' lang='lat' dir='ltr'><strong>cum</strong></span> <span class='ocrx_word' id='word_1_205' title='bbox 484 2945 621 3003; x_wconf 68' lang='lat' dir='ltr'><strong>excussit</strong></span> <span class='ocrx_word' id='word_1_206' title='bbox 641 2961 681 3002; x_wconf 75' lang='grc' dir='ltr'><strong><em>ατ</em></strong></span> <span class='ocrx_word' id='word_1_207' title='bbox 697 2941 894 3022; x_wconf 75' lang='lat' dir='ltr'><strong>grandisonis</strong></span> <span class='ocrx_word' id='word_1_208' title='bbox 910 2941 972 3000; x_wconf 77' lang='lat' dir='ltr'><strong>otte</strong></span> <span class='ocrx_word' id='word_1_209' title='bbox 983 2943 1052 3027; x_wconf 42' lang='lat' dir='ltr'><strong>ju-y</strong></span> <span class='ocrx_word' id='word_1_210' title='bbox 1142 3007 1149 3026; x_wconf 81' lang='lat'><strong>.</strong></span> 
     </span>
    </p>
   </div>
   <div class='ocr_carea' id='block_1_7' title="bbox 77 3038 1042 3611">
    <p class='ocr_par' dir='ltr' id='par_1_9' title="bbox 77 3038 1041 3303">
     <span class='ocr_line' id='line_1_28' title="bbox 77 3038 1040 3125; baseline -0.008 -21"><span class='ocrx_word' id='word_1_211' title='bbox 77 3041 284 3113; x_wconf 77' lang='lat' dir='ltr'><strong>elationibue3</strong></span> <span class='ocrx_word' id='word_1_212' title='bbox 304 3063 378 3104; x_wconf 82' lang='lat' dir='ltr'><strong>num</strong></span> <span class='ocrx_word' id='word_1_213' title='bbox 395 3046 477 3104; x_wconf 79' lang='lat' dir='ltr'><strong>letne</strong></span> <span class='ocrx_word' id='word_1_214' title='bbox 491 3046 524 3104; x_wconf 77' lang='lat' dir='ltr'><strong>in</strong></span> <span class='ocrx_word' id='word_1_215' title='bbox 539 3045 608 3125; x_wconf 80' lang='lat' dir='ltr'><strong>ipso</strong></span> <span class='ocrx_word' id='word_1_216' title='bbox 623 3041 821 3122; x_wconf 79' lang='lat' dir='ltr'><strong>praecordio,</strong></span> <span class='ocrx_word' id='word_1_217' title='bbox 839 3038 1040 3113; x_wconf 80' lang='lat' dir='ltr'><strong>conflamma-</strong></span> 
     </span>
     <span class='ocr_line' id='line_1_29' title="bbox 78 3138 1041 3217; baseline -0.007 -16"><span class='ocrx_word' id='word_1_218' title='bbox 78 3148 134 3201; x_wconf 80' lang='lat' dir='ltr'><strong>tttc</strong></span> <span class='ocrx_word' id='word_1_219' title='bbox 162 3146 228 3209; x_wconf 83' lang='lat' dir='ltr'><strong>est,</strong></span> <span class='ocrx_word' id='word_1_220' title='bbox 256 3148 294 3199; x_wconf 81' lang='lat' dir='ltr'><strong>nt</strong></span> <span class='ocrx_word' id='word_1_221' title='bbox 322 3144 355 3200; x_wconf 83' lang='grc' dir='ltr'><strong><em>τ’ττ</em></strong></span> <span class='ocrx_word' id='word_1_222' title='bbox 381 3145 515 3203; x_wconf 79' lang='lat' dir='ltr'><strong>cinerem</strong></span> <span class='ocrx_word' id='word_1_223' title='bbox 535 3148 725 3217; x_wconf 82' lang='lat' dir='ltr'><strong>uerteretur,</strong></span> <span class='ocrx_word' id='word_1_224' title='bbox 753 3148 785 3199; x_wconf 79' lang='lat' dir='ltr'><strong>ct</strong></span> <span class='ocrx_word' id='word_1_225' title='bbox 805 3138 942 3199; x_wconf 79' lang='lat' dir='ltr'><strong>tonitruo</strong></span> <span class='ocrx_word' id='word_1_226' title='bbox 966 3154 1041 3216; x_wconf 82' lang='lat' dir='ltr'><strong>per-</strong></span> 
     </span>
     <span class='ocr_line' id='line_1_30' title="bbox 79 3239 723 3303; baseline -0.022 1"><span class='ocrx_word' id='word_1_227' title='bbox 79 3239 188 3303; x_wconf 79' lang='lat' dir='ltr'><strong>culsos</strong></span> <span class='ocrx_word' id='word_1_228' title='bbox 211 3244 267 3298; x_wconf 81' lang='lat' dir='ltr'><strong>est.</strong></span> <span class='ocrx_word' id='word_1_229' title='bbox 719 3251 723 3261; x_wconf 29' lang='grc' dir='ltr'><strong><em>ι</em></strong></span> 
     </span>
    </p>

    <p class='ocr_par' dir='ltr' id='par_1_10' title="bbox 80 3329 1042 3611">
     <span class='ocr_line' id='line_1_31' title="bbox 128 3329 1042 3416; baseline -0.008 -17"><span class='ocrx_word' id='word_1_230' title='bbox 128 3335 179 3409; x_wconf 74' lang='grc' dir='ltr'><strong>ΙΙ.</strong></span> <span class='ocrx_word' id='word_1_231' title='bbox 204 3335 276 3399; x_wconf 89' lang='grc'><strong>363.</strong></span> <span class='ocrx_word' id='word_1_232' title='bbox 322 3331 487 3416; x_wconf 79' lang='grc' dir='ltr'><strong><em>ἀχρεῖον,</em></strong></span> <span class='ocrx_word' id='word_1_233' title='bbox 512 3337 633 3411; x_wconf 77' lang='lat' dir='ltr'><strong>inutile,</strong></span> <span class='ocrx_word' id='word_1_234' title='bbox 655 3336 685 3397; x_wconf 87' lang='lat' dir='ltr'><strong>h.</strong></span> <span class='ocrx_word' id='word_1_235' title='bbox 709 3356 737 3399; x_wconf 88' lang='lat' dir='ltr'><strong>c.</strong></span> <span class='ocrx_word' id='word_1_236' title='bbox 764 3331 955 3400; x_wconf 85' lang='lat' dir='ltr'><strong>debilitatum,</strong></span> <span class='ocrx_word' id='word_1_237' title='bbox 979 3329 1042 3392; x_wconf 82' lang='lat' dir='ltr'><strong>loe·</strong></span> 
     </span>
     <span class='ocr_line' id='line_1_32' title="bbox 80 3425 1040 3512; baseline -0.013 -12"><span class='ocrx_word' id='word_1_238' title='bbox 80 3439 201 3510; x_wconf 86' lang='lat' dir='ltr'><strong>dotum,</strong></span> <span class='ocrx_word' id='word_1_239' title='bbox 224 3432 391 3505; x_wconf 81' lang='lat' dir='ltr'><strong>evurtitlum,</strong></span> <span class='ocrx_word' id='word_1_240' title='bbox 415 3433 527 3495; x_wconf 79' lang='lat' dir='ltr'><strong>viribus</strong></span> <span class='ocrx_word' id='word_1_241' title='bbox 544 3434 678 3494; x_wconf 80' lang='lat' dir='ltr'><strong>fractum.</strong></span> <span class='ocrx_word' id='word_1_242' title='bbox 725 3432 774 3494; x_wconf 82' lang='lat' dir='ltr'><strong>Sic</strong></span> <span class='ocrx_word' id='word_1_243' title='bbox 791 3428 918 3512; x_wconf 81' lang='lat' dir='ltr'><strong>explieat</strong></span> <span class='ocrx_word' id='word_1_244' title='bbox 940 3425 1040 3488; x_wconf 88' lang='lat' dir='ltr'><strong>Schol.</strong></span> 
     </span>
     <span class='ocr_line' id='line_1_33' title="bbox 80 3521 1040 3611; baseline -0.013 -9"><span class='ocrx_word' id='word_1_245' title='bbox 80 3537 157 3604; x_wconf 88' lang='lat' dir='ltr'><strong>Vcn.</strong></span> <span class='ocrx_word' id='word_1_246' title='bbox 184 3537 219 3600; x_wconf 83' lang='lat' dir='ltr'><strong>etl</strong></span> <span class='ocrx_word' id='word_1_247' title='bbox 248 3535 334 3598; x_wconf 89' lang='lat' dir='ltr'><strong>Hom.</strong></span> <span class='ocrx_word' id='word_1_248' title='bbox 357 3532 390 3595; x_wconf 94' lang='lat' dir='ltr'><strong>ll.</strong></span> <span class='ocrx_word' id='word_1_249' title='bbox 416 3531 453 3608; x_wconf 91' lang='grc' dir='ltr'><strong>ΙΙ,</strong></span> <span class='ocrx_word' id='word_1_250' title='bbox 477 3529 549 3594; x_wconf 82' lang='grc'><strong>269.</strong></span> <span class='ocrx_word' id='word_1_251' title='bbox 575 3528 699 3604; x_wconf 77' lang='grc' dir='ltr'><strong><em>ἀσθενὲς</em></strong></span> <span class='ocrx_word' id='word_1_252' title='bbox 724 3532 775 3593; x_wconf 78' lang='grc' dir='ltr'><strong>καὶ</strong></span> <span class='ocrx_word' id='word_1_253' title='bbox 801 3525 911 3611; x_wconf 83' lang='grc' dir='ltr'><strong><em>βάρους</em></strong></span> <span class='ocrx_word' id='word_1_254' title='bbox 930 3521 972 3607; x_wconf 76' lang='grc' dir='ltr'><strong>μὴ</strong></span> <span class='ocrx_word' id='word_1_255' title='bbox 993 3549 1040 3607; x_wconf 73' lang='grc' dir='ltr'><strong>με·</strong></span> 
     </span>
    </p>
   </div>
   <div class='ocr_carea' id='block_1_8' title="bbox 0 0 1242 4116">
    <p class='ocr_par' dir='ltr' id='par_1_11' title="bbox 0 0 1242 4116">
     <span class='ocr_line' id='line_1_34' title="bbox 0 0 1242 4116; baseline 0 0"><span class='ocrx_word' id='word_1_256' title='bbox 0 0 1242 4116; x_wconf 95' lang='lat' dir='ltr'><strong> </strong></span> 
     </span>
    </p>
   </div>
  </div>
 </body>
</html>
