2436 4116
217 303 288 398 ισο
526 301 852 374 couuuuraruus

212 464 280 552 ipse
300 468 483 550 cognovisti,
506 489 588 551 quae
606 470 664 532 tibi
683 471 809 553 agenda
829 473 901 533 ebat.
944 465 981 532 σῦ
1003 467 1035 531 δὲ
1058 468 1187 553 proprie*

214 569 249 631 ad
279 562 401 631 σεαυτὸν
433 572 503 643 σῶζε
533 569 719 632 referendum
748 580 779 632 et
800 570 890 633 verba
918 563 973 631 oba
992 563 1114 650 ἄπειρος
1133 605 1170 615 -

212 663 323 754 χρῄζεις
343 669 379 730 ab
402 666 456 730 hae
478 667 624 731 sententia
644 667 836 731 discernenda
857 677 954 742 eraut,
976 687 1067 748 quum
1089 687 1171 731 caus·

202 751 277 829 'sam
298 765 446 841 iudicent,
475 785 561 849 quam
586 777 704 850 propter
724 787 757 830 se
778 766 874 850 ipsum
897 784 1018 828 servare
1036 762 1180 848 jubetur*

214 865 291 928 Sunt
309 864 386 927 euim
408 865 484 928 duae
505 864 669 930 sententiae
691 866 756 930 sine
774 862 875 949 copula
888 862 976 946 juxta
995 863 1168 946 sepositae,

207 973 247 1025 'ut
272 963 355 1046 quasi
377 984 436 1027 una
458 984 525 1027 esse
547 964 701 1039 videatur,
730 984 853 1047 quarum
876 964 967 1026 altera
991 964 1027 1024 ab
1049 963 1187 1028 alteram.

213 1061 366 1125 relereuda
394 1074 457 1132 erat
485 1064 540 1126 hoe
562 1064 663 1126 molo:
689 1060 726 1124 σὺ
747 1061 780 1125 δὲ
800 1059 921 1125 σεαυτὸν
942 1065 1027 1137 σῶζε,
1059 1057 1098 1125 οὐ
1118 1058 1169 1145 γὰρ

212 1157 332 1244 ἄπειρος
353 1159 420 1225 οὐδ’
444 1163 515 1243 ἐμοῦ
537 1158 713 1226 διδασκάλου
731 1159 849 1249 χρῄζεις.

220 1306 223 1312 ·
259 1279 316 1341 .V.
336 1279 534 1354 377-380,
579 1279 642 1343 Cir.
664 1278 754 1342 'I'use
779 1276 830 1351 ΙΙΙ,
850 1274 903 1341 30.
927 1274 982 1350 hos
1000 1294 1110 1340 versus
1129 1273 1167 1338 ita

211 1377 325 1442 reddite

583 1475 796 1528 OOEANUS.

312 1564 409 1634 Atqui,
428 1564 603 1634 Prometheu,
621 1572 648 1619 te
665 1566 716 1620 hoe
733 1571 824 1618 tenere
840 1564 988 1627 existumo,
1054 1540 1056 1543 .

312 1650 416 1703 Mederi
433 1666 512 1719 pesse
529 1650 659 1704 rationem
677 1650 841 1704 iracundiae.

528 1771 583 1821 PR
591 1766 616 1820 0
624 1771 658 1822 M
662 1770 687 1819 Ε
695 1771 749 1821 ΤΗ
757 1769 783 1819 Ε
792 1770 850 1821 US.

313 1859 343 1912 Si
360 1859 467 1928 quidem
484 1859 543 1927 quis
561 1859 745 1928 tempestlvam
764 1859 920 1914 medicinam
940 1859 1100 1927 admovens,
1160 1881 1163 1889 r

311 1943 374 1996 Nou
391 1958 583 2009 aggravemus
602 1945 694 1996 vulnus
712 1943 798 1996 illidat
814 1956 904 1996 manu.

262 2049 311 2121 ¹V.
333 2050 407 2115 378.
454 2046 567 2134 ὀργῆς
587 2046 787 2131 νοσούσης.
829 2048 884 2112 Hie
902 2042 1166 2115 Iasus'vexatissI·

212 2170 279 2216 mus
295 2161 353 2214 est.
396 2144 516 2234 Negant
533 2150 612 2213 enim
629 2147 718 2234 ὀργῆς
734 2145 879 2229 νοσούσης
894 2158 974 2211 reete
994 2148 1049 2211 diei
1068 2170 1163 2234 posse.

212 2249 386 2315 Plutarchus
413 2261 444 2314 et
472 2249 644 2314 Eustathius
674 2249 763 2333 (696,
790 2247 842 2312 33.
876 2247 968 2321 1005,
991 2247 1058 2326 21.)
1092 2249 1165 2312 huus

210 2350 307 2414 Iocum
329 2349 482 2412 laudantes
504 2350 636 2412 scribunt
657 2355 756 2430 ψυχῆς
774 2343 937 2427 νοσούσης,
958 2345 1044 2428 idque
1064 2368 1165 2411 verum

211 2459 313 2534 putant
334 2447 502 2515 Gatalrerus
522 2448 559 2512 Α.
585 2449 626 2512 Μ.
646 2448 677 2511 Ρ.
700 2447 778 2523 ΙΙΙΙΙ,
808 2465 836 2528 p.
856 2445 930 2508 487.
976 2445 1165 2510 Casaubonus

210 2549 246 2613 ad
263 2547 371 2612 Athen.
390 2568 418 2630 p.
438 2549 490 2612 65.
514 2547 555 2610 Η.
577 2546 742 2631 Stephanus
766 2565 860 2629 neque
882 2544 1025 2628 improbat
1042 2544 1165 2610 Sebues·

210 2647 313 2709 zius·
342 2645 485 2707 Stobaeus
513 2643 607 2708 Serm.
629 2644 739 2721 XVIII,
770 2666 798 2728 p.
828 2643 897 2707 103.
927 2643 1011 2707 Grot.
1048 2644 1164 2709 exhibet

210 2742 300 2828 ὀργῆς
320 2745 443 2823 ματαίας
459 2742 532 2806 εἰσὶν
548 2745 635 2807 αἴτιοι
650 2740 740 2828 λόγοι.
783 2743 926 2807 Videntur
943 2742 997 2816 illi,
1021 2743 1069 2826 qui
1092 2744 1164 2808 hune

191 2856 329 2909 -versum
345 2830 641 2920 eomme‘morarunr,
673 2864 733 2906 non
758 2853 817 2906 tam
849 2842 939 2906 verba
969 2843 1099 2906 aucloris
1120 2863 1165 2907 re·

210 2942 345 3030 spexisse
367 2962 453 3024 quam
477 2943 653 3007 sententiam
673 2940 840 3026 protulisse.
885 2946 984 3023 ψυχῆς
1002 2958 1065 3004 νοσ.
1086 2951 1164 3005 certe

207 3042 374 3130 Aeschylus
396 3041 526 3106 seribere
541 3063 602 3105 nun
622 3041 725 3125 potuit,
749 3060 838 3122 quum
857 3038 904 3104 hie
921 3042 956 3103 de
971 3044 1021 3103 ira
1037 3040 1164 3105 maxime

208 3142 412 3208 disserendum
433 3152 532 3216 esset,
559 3137 641 3221 ψυχὴ
663 3149 758 3202 autem
780 3145 908 3201 νοσοῦσα
928 3138 1069 3203 universe
1091 3140 1165 3204 diee-

208 3254 292 3308 Ietur
312 3252 399 3325 atque
420 3240 539 3303 omnino
560 3240 693 3302 morbum
716 3237 841 3320 aliquem
860 3236 949 3301 animi
968 3249 1098 3315 notaret,
1120 3239 1164 3302 iu·

101 3410 107 3426 ,
209 3341 342 3416 saulam,
372 3339 522 3402 tristitiam
545 3338 675 3421 aliasque
698 3337 942 3422 perturbationes.
989 3337 1092 3421 Itaque
1111 3337 1163 3402 vix

208 3426 396 3506 dubitandum
414 3449 460 3503 est
480 3437 549 3521 quin
569 3435 658 3522 ὀργῆς
671 3438 766 3521 aptius
783 3438 888 3500 dietum
906 3437 954 3501 sit.
996 3435 1064 3500 Non
1086 3436 1162 3500 euim

207 3529 245 3602 iis
265 3540 436 3616 assentio&
455 3538 505 3624 qui
527 3534 616 3624 ὀργὴν
637 3537 656 3602 h
691 3538 710 3601 Ι.
733 3537 883 3621 explicant·
901 3532 1024 3621 τρόπον,
1046 3556 1162 3603 omnem
