2436 4116
220 320 264 383 IN
286 317 879 385 nuscururnomnttt.v1ncr.
956 325 1022 387 225

122 487 159 551 V.
183 487 255 553 831.
307 486 452 552 δάπεδα
480 509 582 552 omnes
613 488 704 551 Codd.
735 487 894 565 exhibent,
929 509 1024 572 neque

57 607 163 651 eorum
184 587 389 652 auctoritatem
406 589 599 671 spernendam
623 587 731 671 putavi.
776 587 961 670 Numquam
984 587 1023 648 dd

56 685 167 750 Dorice
190 685 303 750 dicatur
323 707 375 770 pro
398 682 450 769 id,
471 693 519 769 γῆ,
542 707 602 749 non
624 687 735 760 dubito,
758 686 829 769 quin
851 687 927 771 apud
945 684 1022 750 nnti-

57 804 111 848 oos
134 783 248 869 syllaba
271 784 363 869 primo
384 784 468 848 vocis
490 783 602 848 δάπεδα
622 796 702 848 reete
723 786 909 868 producatur.
1128 856 1131 861 ,

121 882 157 945 V.
179 883 252 946 832.
298 881 523 960 ninnivem,
545 887 630 946 celsa
643 887 731 966 jugo
750 886 923 961 habentem,
943 879 1022 964 ὕψη·
1125 895 1131 905 “

55 979 113 1062 triv
133 981 231 1045 Schol.
255 983 286 1045 Β.
312 981 388 1046 ὅπου
409 980 528 1061 μαντεῖα
549 984 620 1057 εἰσι,
642 981 720 1045 addit
742 982 839 1046 Schol.
861 982 898 1046 Α.
935 982 1023 1045 Tem·
1109 1060 1122 1067 —

56 1084 137 1166 ptum
156 1080 234 1145 onim
251 1080 334 1144 dovis
346 1083 390 1144 *ad
409 1082 526 1153 Tomari
545 1080 654 1144 montis
672 1081 785 1146 radices
801 1081 925 1167 positum
943 1091 1020 1145 erat.

54 1181 181 1244 Dodona
201 1191 299 1244 autem
316 1182 435 1265 jacebat
454 1182 485 1244 in
507 1181 628 1266 regione
644 1181 842 1247 Molossorum
861 1174 1022 1263 (Μολοσσὰ
1134 1246 1142 1257 ,

55 1276 194 1362 δάπεδα).

61 1436 65 1444 .
119 1379 158 1443 V.
183 1378 257 1444 833.
305 1381 547 1464 Θεσπρωτοῦ,
571 1374 629 1442 ἀπὸ
655 1382 855 1464 Θεσπρωτίδος
875 1384 930 1464 γῆς
950 1374 1021 1442 ὠνο-

55 1479 206 1561 μασμὲνον
227 1478 325 1542 schol.
351 1479 383 1541 B.

122 1577 159 1643 V·
175 1578 260 1644 834.7
291 1577 396 1658 τέρας
413 1575 439 1640 d’
458 1575 612 1642 ἄπιστον
634 1578 673 1640 αἱ
684 1616 735 1656 --,
752 1575 905 1643 ἀπιστοῦσι
921 1575 1022 1663 γὰροί
1080 1638 1083 1643 .

56 1676 216 1761 ἅνθρωποι
236 1672 311 1740 είναι
334 1680 406 1757 δρῦν
426 1673 574 1756 φωνικὴν,
606 1677 655 1740 καὶ
677 1674 788 1752 ἰδόντες
808 1674 1021 1760 ἐκπλήττονται.

56 1777 158 1841 Sehol.
182 1775 216 1839 B.
249 1776 438 1851 „Fahnlosae
460 1796 585 1859 quereus
608 1776 741 1842 fatidicae
763 1778 790 1840 ia
812 1789 951 1860 querceto
974 1797 1021 1841 sas

56 1898 110 1941 oro
142 1896 233 1960 prope
260 1876 410 1939 Dodoonm
438 1875 560 1938 multum
590 1875 669 1939 inter
698 1888 815 1940 veteres
843 1877 1017 1941 celebratae.

56 1978 169 2039 Earum
200 1975 262 2058 jam
294 1975 440 2039 Idomerus
471 1976 648 2038 mentionem
679 1975 756 2037 fauit.
800 1974 960 2058 Sophocles
988 1975 1020 2039 in

55 2073 245 2150 Trachiniis,
277 2073 401 2157 primum
428 2079 472 2155 (v.
496 2074 759 2156 Nonnunquam
791 2075 906 2156 fagum,
943 2075 1021 2138 unde

57 2173 212 2239 columbae
231 2172 299 2236 iliae
321 2172 455 2256 geminae
477 2174 594 2236 oracula
615 2171 803 2244 reddiderint,
828 2171 930 2236 deinde
947 2194 1020 2237 vero

58 2273 147 2337 etiam
176 2272 207 2335 in
228 2271 372 2336 Saliorum
400 2270 466 2333 luco
498 2272 543 2354 (v.
568 2272 675 2351 1174.)
703 2273 841 2334 vocalem
860 2293 1021 2353 quereum,-

56 2368 261 2457 πολύγλωσσον
288 2373 376 2453 δρῦν,
406 2377 589 2434 memorat.“
620 2369 763 2434 Soaunrz.
808 2365 841 2432 τὸ
862 2368 894 2432 δὲ
914 2368 1021 2454 προςή.
1130 2406 1133 2411 ·

58 2495 139 2555 γοροι
160 2467 225 2534 ἆντί
244 2476 296 2533 τοῦ
317 2471 453 2549 ψωνικαί.
485 2468 573 2532 Schol
604 2471 634 2532 Β.

119 2566 163 2635 V.
182 2566 256 2634 836.
311 2566 637 2649 προςηγορεύθης,
684 2565 813 2649 ἐκλήθης
848 2566 946 2631 schol.
984 2567 1016 2631 Β.

61 2664 386 2753 προςαγορεῦεινοοίοο
417 2676 463 2728 est
491 2667 518 2729 h.
541 2668 561 2729 1.
594 2671 768 2750 appellare,
801 2687 860 2729 non
888 2676 920 2730 nt
947 2665 1020 2731 alias

62 2772 210 2833 salutare.
253 2767 317 2831 Nos
339 2779 435 2830 tamen
456 2769 642 2848 degrnessen
657 2769 758 2830 eodem
776 2786 866 2829 sensu
884 2766 1017 2830 dicimus.

65 2866 211 2932 Sententia
236 2878 299 2930 est:
322 2870 485 2931 oracutum
505 2869 562 2930 tibi
580 2870 778 2952 significauit,
795 2874 827 2927 te
841 2863 931 2928 ιΙοοῦι
946 2886 1020 2929 eon·

10 3008 12 3015 ·
60 2969 164 3051 jugam
182 2970 332 3048 suturam
354 2988 430 3029 esse.

121 3066 154 3131 V.
176 3067 248 3130 837.
299 3063 432 3149 nittodo’
457 3065 591 3141 ἔσεσθαι,
622 3068 713 3128 τῶνδε
736 3062 902 3146 προσσαίνει
931 3061 964 3125 σε’
983 3086 1019 3138 τι,

67 3162 174 3245 plurumi
203 3165 295 3229 Codd.
320 3165 443 3237 hahent,
477 3175 507 3227 et
535 3164 633 3228 Schod.
659 3166 691 3227 Β.
716 3166 836 3227 adnotat
856 3166 949 3236 Ιτοῦτο
971 3152 1033 3223 dod

68 3262 161 3337 μίσον·
198 3263 271 3349 λέγει
303 3264 336 3328 δὲ
361 3264 406 3328 ὅτι
432 3267 599 3345 προσσαίνει
628 3263 659 3326 σί
684 3288 712 3325 τι
738 3259 849 3324 τούτων
876 3256 941 3322 ἀντὶ
967 3264 1025 3321 τοῦ·

68 3361 155 3444 θίίηει
174 3364 226 3426 καί
245 3363 355 3444 κατέχει
375 3363 425 3426 καὶ
445 3361 500 3426 οὐκ
518 3360 605 3443 dreng
624 3358 703 3436 τινὸς
720 3358 741 3442 ii
761 3366 815 3424 σοῦ
836 3363 927 3421 ταῦτα
947 3381 1025 3441 yrm-v

68 3460 143 3537 ηίζεις
165 3460 261 3543 πάθη.
306 3461 389 3541 Quod
410 3484 470 3525 uon
492 3463 642 3526 ferendum
665 3473 730 3537 est3
762 3461 835 3523 mire
859 3456 936 3520 enim
956 3455 1026 3518 laun·-

69 3572 182 3637 guerent
206 3562 279 3630 traco
308 3563 410 3625 verba.
465 3562 600 3626 Additum
634 3561 726 3646 igitur
754 3571 800 3624 est
826 3580 842 3623 e
871 3553 1022 3620 nonnuliis

38 3740 41 3745 Ι
103 3672 245 3715 nucum
267 3675 465 3715 raomurnnus
485 3676 585 3717 canor.
812 3660 852 3723 15
