2436 4116
281 327 326 390 m
346 325 551 390 anscario
572 304 782 394 raonnru.
808 332 943 396 vaber.
1041 338 1105 401 aaa

143 493 316 571 eluderent,
339 495 449 559 formas
471 492 522 558 alii
545 493 632 559 aliter
649 506 820 575 mutarunt,
843 509 878 564 ut
898 519 937 564 ea
957 499 1107 566 Nicandro

143 591 233 656 trudit
260 592 406 657 Antonin.
435 593 565 657 Liberal.
588 595 641 660 28.
671 594 757 660 Ovio.
782 596 854 677 Met.
877 597 916 676 V,
937 599 1012 665 290.
1054 598 1107 664 Ιο-

143 688 220 776 piter
248 701 347 755 autem
368 690 510 776 Typhona
530 693 645 778 fulgure
668 694 829 778 percussit,
863 696 970 780 diuque
990 697 1108 763 insecu-

143 798 214 866 tus,
245 800 345 854 monte
366 792 483 856 medem
505 791 638 857 Aetnaeo
661 792 768 857 obruit.
813 794 869 858 Sed
891 793 1068 872 στασιάζεται
1086 794 1109 881 αἱ

143 887 209 973 capi
239 894 385 968 Τυφῶνος
410 888 539 972 ἱστορία,
567 889 663 973 iuquit
686 890 784 955 Schol.
808 891 840 955 in
863 893 945 957 Pind.
970 895 1057 980 Pytb.
1081 897 1107 975 l,

144 1007 175 1052 v.
194 986 249 1050 31.
281 987 331 1051 ubi
352 987 409 1051 aits
442 985 553 1068 Τυφὼς
573 985 793 1072 ἑκατόγκρανος,
815 988 867 1055 τόν
885 1016 955 1056 κοτε
975 997 1109 1060 Κιλίκων

144 1083 244 1166 &pidre
271 1083 464 1166 πολυώνυμον
484 1084 608 1169 άντρον..
652 1088 773 1154 Homer.
796 1089 830 1152 ΙΙ.
852 1090 891 1166 ΙΙ,
913 1091 986 1156 781.
1032 1098 1109 1158 Γαῖα

146 1178 174 1246 d'
206 1178 422 1264 ὖτιοστενάχιζε,
451 1187 505 1247 Διῒ
529 1181 570 1258 ὦς
594 1185 809 1273 τερπικεραύνῳ
835 1188 984 1276 Χυομένῳ
1011 1188 1059 1254 ὅτε
1077 1190 1106 1256 τ’

147 1276 223 1362 άμφΙ
246 1281 368 1362 Τυφωέϊ
392 1289 479 1365 γαῖαν
499 1280 606 1371 ῖμάσσρ
626 1287 685 1348 Εἰν
706 1284 853 1370 Ἀρίμοις,
884 1285 939 1351 ὅθι
957 1290 1032 1367 φασὶ
1055 1296 1111 1354 Tb·

147 1379 246 1458 φοάος.
266 1381 385 1460 ἔμμεναι
405 1377 502 1456 εὐνάς.
543 1383 593 1445 ubi
614 1383 646 1446 in
667 1383 898 1450 schol-'Venet
923 1406 976 1472 pro
1000 1385 1111 1467 prolv

149 1476 180 1542 dl
203 1473 246 1554 alp
265 1485 325 1542 τῶν
347 1478 503 1565 γιγάντων,
534 1487 596 1563 Γῆς
617 1478 660 1545 biv
682 1481 785 1567 κύριος
803 1483 855 1548 καὶ
879 1482 1047 1569 Ταρτάρου,
1068 1486 1111 1554 le·

148 1578 274 1662 gendum
303 1588 368 1655 est,
398 1585 460 1662 Γῆς
490 1577 533 1643 dlv
560 1577 626 1654 άιὸς
654 1581 704 1643 καὶ
729 1579 889 1665 Ταρτάρου.
933 1583 1109 1671 Aeschylus,

149 1676 305 1741 Pindarum
335 1687 476 1753 secutus,
505 1677 630 1743 Aetnam
651 1678 785 1764 Typhoni
810 1680 976 1764 impositam
997 1695 1110 1765 narrat,

150 1775 346 1841 Callimachus
366 1776 526 1853 Encelado,
549 1777 689 1841 Horatius
710 1777 885 1863 Gigantibus
902 1778 952 1853 ΙΙΙ,
970 1781 1002 1845 1.
1037 1781 1112 1847 Phe·

149 1877 273 1960 reeydes
294 1896 341 1959 ap.
365 1874 463 1939 Schol.
486 1874 519 1938 iu
540 1876 675 1960 Apollou.
695 1877 734 1953 ΙΙ,
756 1880 849 1945 1215.
893 1877 1035 1964 Typhona
1057 1881 1112 1945 sub

150 1973 246 2039 insula
269 1973 424 2039 Pithecusa
442 1975 545 2057 jacere
564 1975 672 2050 tradita
693 1974 743 2038 alii
764 1975 795 2037 iu
816 1976 972 2062 Aegypto,
995 1988 1028 2041 ut
1053 1979 1113 2061 lle-

151 2073 216 2137 rod.
239 2073 291 2149 ΙΙΙ,
313 2076 343 2138 5.
385 2071 557 2158 Apollonius
585 2073 617 2135 in
646 2072 710 2136 loco
738 2072 844 2137 citatos
882 2077 921 2138 el.
951 2073 1050 2138 Schol.
1080 2076 1113 2140 in

151 2170 235 2236 Pind.
251 2170 297 2234 01.
313 2171 363 2250 lv,
380 2171 430 2235 11.
451 2171 598 2235 Nicander
608 2171 787 2256 Aeschylum
801 2172 974 2254 sequitur.“
998 2171 1110 2236 Buous.

213 2270 251 2335 V.
275 2271 348 2337 352.
394 2269 501 2334 δάϊον
528 2269 641 2353 τέρας.
656 2269 772 2354 proprie
798 2272 908 2334 hostile
926 2278 1111 2345 monstrum,

152 2369 179 2434 b.
202 2391 230 2434 e.
254 2369 348 2432 dirum
370 2369 545 2453 prodigium.
596 2369 674 2432 Male
694 2366 913 2432 Bloml.·ddt‘ov
932 2387 985 2452 pro
1007 2365 1115 2432 toton

151 2468 280 2553 positum
301 2487 370 2532 esse
395 2479 493 2551 putat;
517 2467 705 2531 referendum
727 2478 774 2530 est
794 2467 873 2531 enim
894 2469 931 2531 ad
953 2467 1114 2532 terribilem

152 2568 265 2632 bestiae
288 2579 423 2632 naturam
444 2577 475 2630 et
495 2566 652 2631 immanem
674 2567 807 2650 eorporis
830 2569 973 2642 formam,
996 2576 1115 2650 propter

154 2687 241 2752 quam
262 2687 294 2730 v.
316 2666 390 2731 354.
413 2671 527 2750 θοῦρος
546 2665 717 2749 appellatur.
1204 2744 1210 2753 .

217 2764 255 2829 V.
276 2764 349 2830 353.
398 2761 704 2850 ἑκατογκάρανον
734 2764 805 2847 jure
837 2764 1031 2829 emendarunt
1056 2765 1116 2829 viri

154 2864 232 2930 docti
244 2908 255 2938 ,
286 2863 423 2948 quoniam
453 2873 650 2947 anapaestus,
680 2883 766 2946 ροουι
794 2859 861 2923 libri
883 2865 1041 2945 praebent,
1068 2885 1116 2929 se-

155 2962 252 3028 cundo
273 2983 381 3029 versus
402 2963 467 3027 loco
489 2962 602 3027 admitti
624 2982 683 3023 nou
706 2970 813 3044 potest.
858 2962 1044 3026 blomheldus
1064 2959 1116 3025 κά-

154 3082 246 3139 ρηνον
273 3058 408 3123 donicum
438 3082 506 3125 csse
534 3061 674 3135 credens,
714 3055 944 3142 ἑκατογκάρανον
978 3056 1116 3142 Doricam

156 3160 298 3233 fornoum,
325 3167 425 3239 utpote
451 3179 526 3241 quae
556 3159 651 3242 magis
671 3155 770 3221 Attica
797 3155 855 3230 sit,
883 3156 993 3240 recepit
1014 3149 1118 3220 contra

156 3258 270 3330 libros,
292 3253 341 3336 qui
362 3264 460 3316 tamen
480 3257 606 3320 [lumen.
630 3279 662 3320 v.
682 3256 755 3318 175.
776 3273 880 3316 omnes
901 3259 1117 3336 καρανιστῆ.

157 3379 222 3439 ρες
249 3352 401 3417 exhibent.
445 3348 528 3435 Apud
550 3351 704 3434 Aristoph,
727 3353 803 3414 Rau.
824 3372 856 3416 v.
874 3351 947 3416 475.
972 3349 1119 3434 ἑκατογκέ-
1176 3406 1184 3415 e

158 3461 255 3536 φαλον
276 3450 412 3535 legimus.
457 3448 575 3510 Latinis
605 3450 770 3531 centiceps.

226 3548 358 3632 v.,354.
403 3552 563 3631 θοῦρον,
594 3552 710 3611 κάσιν
746 3546 788 3622 ὃς
821 3545 980 3628 ἀντέστη
1012 3553 1120 3624 θεοῖς
