2436 4116
377 96 383 103 ·
458 39 580 133 V

134 301 164 344 vr
440 274 444 287 '
492 286 734 349 PRAEFATIO.

133 452 301 544 converti,
336 452 479 525 maxime
513 452 715 529 Sclnctzius
742 465 851 534 estet
876 458 1095 535 Blomlielllus

131 600 362 674 nominandas.
412 599 461 674 Et
493 603 590 700 hujus
617 605 747 700 quidem
773 608 952 705 praecipue
977 634 1094 682 exem·

130 752 261 848 plorum
293 748 329 819 in
361 708 537 823 (ilossario
573 759 803 848 congestorum
837 756 934 852 eopia
960 758 1093 855 adjutus

129 925 222 992 snrn,
259 924 356 997 qaum
390 898 567 974 Sclrnetzii
592 901 912 994 animadversiones,
939 930 1023 1001 qnae
1050 908 1091 978 ad

126 1050 339 1148 judicandam
363 1058 482 1146 poetae
507 1050 703 1146 elegantiam
724 1051 932 1146 spectabant,
958 1055 1092 1150 pleras-

129 1225 192 1297 qne
224 1201 277 1273 vel
309 1200 457 1296 integras
482 1198 665 1295 reciperem
690 1201 744 1271 vol
772 1188 1010 1296 locipletarem
1037 1204 1091 1275 vol

129 1347 349 1422 emendarem.
408 1343 569 1420 collectis
602 1347 704 1419 variis
729 1349 951 1442 lectionibus,
985 1375 1090 1447 qnae-

128 1520 258 1593 cnnqne
291 1496 374 1567 mili
405 1496 640 1588 innotnemnt‚
678 1452 931 1571 luculentiorem
966 1501 1089 1595 scripsi

69 1668 73 1675 ’
126 1644 415 1736 commentarium,
453 1667 550 1740 qnam
587 1645 644 1742 qui
675 1644 717 1717 ad
754 1646 894 1742 primam
927 1646 1087 1742 Aeschyli

99 1795 270 1887 xfabulam
303 1791 411 1865 editus
445 1799 506 1866 est.
556 1793 682 1865 Audivi
705 1793 794 1867 enim
819 1819 840 1867 a
861 1794 941 1868 viris
967 1795 1087 1889 doctis,

125 1943 244 2042 qnihns
283 1965 389 2014 meam
428 1940 588 2037 Aeschyli
628 1941 805 2016 editionem
843 1968 913 2045 non·
949 1969 1087 2042 prorsas

50 2126 53 2131 ·
123 2095 343 2191 improbatam
369 2115 442 2165 esse
467 2091 595 2184 laetor,
620 2093 779 2165 nonnulle
800 2093 835 2165 in
859 2094 966 2191 primo
988 2096 1086 2166 acola-

122 2246 212 2317 mine
245 2267 298 2316 me
330 2242 564 2340 praeteriisse,
603 2267 742 2339 qnorum
772 2243 1004 2343 interpretatio
1031 2244 1085 2316 ‹li-

121 2395 292 2468 scentibus
315 2394 408 2465 utilis
435 2400 534 2466 esset.
584 2391 623 2463 ll
649 2398 827 2488 propterea
852 2393 913 2464 illo
935 2402 1084 2489 tempore

121 2543 265 2636 accidit,
297 2543 385 2640 qaod
414 2543 590 2640 putabam,
624 2538 871 2612 conversionem
902 2540 1084 2616 Germani-

120 2719 193 2769 cam
215 2695 291 2766 loco
312 2691 497 2790 plenissimi
520 2700 553 2764 et
570 2689 728 2762 ebernrni
749 2692 975 2764 commentarii
996 2714 1082 2765 esse.

118 2843 315 2920 Sentielsam
340 2852 448 2915 antem
469 2840 543 2913 fieri
563 2865 628 2913 non
651 2865 771 2938 posse,
797 2843 875 2938 qnin
897 2842 972 2912 aliis
989 2842 1080 2937 justo
1102 2938 1106 2948 1

118 2996 236 3095 plara,
264 2994 340 3065 aliis
362 2983 455 3089 justo
481 2992 611 3062 minora
634 2957 803 3087 explicata
827 3014 901 3063 esse
924 2991 1080 3065 videren-

116 3154 192 3239 tnr,
219 3170 316 3244 qnam
341 3144 407 3216 tale
435 3167 517 3239 opas
540 3165 600 3212 sna
616 3141 754 3237 quisque
779 3140 929 3214 doctrina
952 3142 1080 3240 judicet

117 3306 152 3370 et
183 3297 350 3371 metiatur.
410 3290 583 3364 Nonnulla
614 3292 717 3386 igitur
742 3293 772 3364 si
797 3292 854 3366 lio
878 3317 1080 3367 commemo·

19 3516 24 3527 ,
115 3452 189 3519 rota
215 3447 281 3517 sint
306 3443 433 3517 leviora
455 3442 554 3539 juxta
579 3442 794 3538 gravissima,
822 3468 927 3538 neque
953 3441 1079 3512 miran-
