2436 4116
208 298 253 360 IN
275 298 478 363 nuscum
502 297 711 361 anundum.
736 298 872 362 vlucu.
954 300 1018 365 tor

61 463 193 531 melleus
214 485 287 529 vero
309 486 368 530 non
391 485 424 529 se
447 463 604 548 deliquisse
624 462 719 527 solum
740 463 867 540 dautur,
894 464 946 529 sed
967 464 1017 529 ad·

59 565 97 628 dit
119 562 242 648 insuper
258 559 343 642 dxciv,
364 560 438 628 ἕκῶν
450 561 587 646 ἥμαρτον.
620 561 738 625 Scilicet
755 560 835 647 quia,
858 564 934 648 quod
950 563 1017 629 illae

57 662 129 728 vitio
151 661 208 726 sibi
229 664 394 735 vertebam,
417 661 446 725 id
469 681 611 725 summanr
632 659 770 724 virtutem
788 680 856 725 esse
873 661 928 726 sibi
945 683 1017 727 con-

57 761 136 827 scius
157 767 266 824 erat.“
306 759 450 824 Souunrz.
501 758 645 842 Loquitur
672 780 703 822 v.
721 759 794 825 268.
824 759 1017 826 Prometheus

56 859 144 926 ctiam
167 860 203 923 de
216 863 335 942 poenos,
357 859 461 945 quihus
479 879 512 922 sc
531 867 709 921 maceratum
728 855 764 919 iri
782 878 842 921 non
857 859 1015 943 putaverit.

117 957 155 1022 V·
177 957 251 1023 269.
295 960 514 1041 πεδαρσίοις
534 979 586 1042 pro
606 957 768 1039 μεταρσίοις
785 955 903 1020 Aeolica
922 959 1019 1024 formo

56 1055 166 1122 dictum
191 1065 257 1131 est,
284 1066 317 1120 nt
336 1078 367 1121 u.
395 1058 468 1122 712.
492 1056 565 1121 718.
610 1055 788 1140 interpretes
809 1054 929 1119 landant
950 1056 1019 1121 Val-

55 1155 144 1222 cleu.
168 1154 204 1219 ad
226 1154 299 1219 Eur.
325 1155 435 1219 Placen.
457 1176 490 1220 v.
515 1154 606 1220 1034.
634 1154 683 1219 ubi
708 1155 744 1219 de
764 1156 893 1237 πεδαίρω
914 1154 1018 1238 loquu-
1140 1160 1145 1179 ¹

55 1262 124 1319 tusa
155 1254 279 1318 verbum
307 1264 354 1318 est
375 1252 544 1330 Aeolicum,
576 1252 690 1338 inquit,
722 1273 852 1337 nequeo
875 1253 1019 1338 Sophocle

55 1351 151 1438 potuit
177 1351 225 1416 rel
252 1353 288 1416 ab
315 1352 454 1437 Euripide
476 1362 678 1438 praeterquam
699 1350 730 1415 iu
752 1351 844 1416 choro
865 1352 1017 1431 collocari,

54 1452 104 1518 vcl
124 1451 157 1515 iu
179 1449 347 1515 trochaicis.
393 1450 557 1532 Aeschylus
578 1450 610 1513 in
632 1450 759 1516 senariis
779 1447 893 1516 lloricis
915 1450 1018 1518 istius·

54 1550 133 1614 modi
155 1549 258 1614 formis
283 1559 312 1612 et
330 1547 456 1613 Aeolicis
480 1552 539 1611 non
557 1548 696 1613 abstinet.
733 1547 810 1613 ldena
824 1549 894 1612 ibid.
915 1571 947 1613 v.
963 1551 1014 1619 ll.
1098 1580 1104 1591 ·

55 1651 96 1735 ait
119 1651 155 1713 de
173 1647 340 1733 Aeschylo=
369 1668 469 1730 ,‚quas
490 1648 521 1711 in
540 1646 638 1710 Sicilia
658 1646 797 1710 didicerat
817 1648 928 1711 formas
948 1669 1018 1712 ver·

55 1750 160 1813 borum
182 1745 318 1822 Doricos,
340 1744 371 1808 in
387 1745 513 1808 Atticam
536 1766 655 1809 scenam
676 1745 863 1809 introducere
883 1764 944 1810 nou
966 1746 1019 1812 du·

56 1846 171 1912 litavit.
216 1844 324 1908 Athen.
349 1844 405 1920 IX,
434 1866 462 1928 p.
488 1844 561 1909 402.
587 1843 622 1907 C.
666 1839 828 1925 Αἰσχύλος,
860 1846 1018 1928 διατρίψας

55 1947 87 2011 ἐν
107 1945 243 2030 Σικελία,
269 1948 388 2015 πολλαῖς
407 1941 541 2024 κέχρηται
562 1949 676 2020 φωναῖς
695 1949 889 2018 Σικελικαῖς.“
929 1943 1018 2010 'l'aleo

55 2055 86 2110 et
104 2043 237 2109 rariores
259 2040 372 2124 quidem
396 2043 506 2104 lormas
522 2040 625 2103 Blomi.
650 2041 685 2103 ad
701 2040 731 2105 h.
750 2040 769 2103 l.
788 2044 1018 2106 commemorata¹

55 2140 196 2227 πεδάοροι
212 2162 264 2225 pro
280 2139 425 2222 μετέωροι,
444 2139 608 2218 πεδαίχμιοι
623 2160 676 2222 pru
692 2141 852 2220 precipuos
868 2139 1015 2224 (Choeph.

55 2264 87 2307 v.
104 2241 208 2324 582),
231 2246 272 2320 μᾶ
292 2258 344 2321 pro
364 2243 453 2321 μῆτερ
474 2235 587 2320 (Suppl.
612 2259 642 2301 v.
654 2237 766 2322 892),
788 2236 856 2301 ποιί
872 2258 925 2320 pro
942 2233 1019 2319 πρὸς

55 2341 88 2405 in
110 2339 228 2404 senario
258 2338 400 2422 (numen.
432 2356 463 2399 v·
486 2335 574 2420 79.),
605 2331 724 2417 μάσσων
743 2357 797 2420 pro
817 2338 921 2418 μείζων
940 2335 1020 2400 infra

56 2459 87 2503 v.
111 2437 199 2512 632,
222 2438 360 2501 πεδοίιιου
382 2457 433 2520 pro
451 2435 587 2514 μετοίκου
608 2435 639 2497 in
665 2431 794 2517 Τρόφοις
813 2457 860 2519 ap.
885 2434 1015 2520 Hesych.

56 2537 87 2601 in
110 2557 197 2612 rone,
220 2533 390 2620 ἆρχὲσταιον
410 2534 515 2598 Jonice
537 2534 567 2598 in
589 2534 732 2618 Penelopa
754 2556 800 2618 ap.
824 2532 954 2620 Etymol.
975 2534 1018 2598 M.

56 2658 86 2721 p.
110 2634 163 2711 31,
186 2635 233 2711 6.,
264 2632 480 2715 ἆφθονίστερος
507 2633 538 2696 iu
562 2633 692 2698 Heliaoin
711 2655 758 2720 ap.
782 2634 966 2698 Athenaeum
988 2641 1018 2697 ei

58 2733 196 2799 Eustath.
220 2735 258 2798 ad
279 2733 357 2797 lliad.
382 2733 438 2809 lX,
462 2754 491 2816 p.
506 2733 587 2805 746,
608 2735 660 2798 46.

119 2828 155 2897 V.
179 2833 251 2896 271.
297 2833 391 2916 Vulgo
413 2833 474 2894 καί
494 2855 553 2912 μοι
575 2830 701 2915 legitur,
730 2831 782 2894 sed
804 2852 893 2916 quum
914 2830 1019 2916 copula

10 2950 13 2959 ’
56 2941 195 2996 carerent
216 2931 287 2996 haec
309 2943 339 2996 et
359 2930 582 3007 antecedentia,
610 2930 655 2992 coi
676 2950 728 3014 pro
748 2929 799 3010 μοί
819 2930 1019 3014 recipiendum

56 3029 142 3093 duxi.
192 3031 251 3092 Καὶ
277 3031 355 3094 enirn
377 3029 519 3115 particula
541 3049 602 3092 non
623 3029 749 3104 sufficit,
780 3038 815 3092 ut
834 3029 931 3093 oratio
951 3038 1019 3112 apte

56 3125 234 3196 cohaereat,
265 3130 342 3209 quod
365 3129 500 3193 sentiens
527 3126 702 3192 &naeuius
730 3126 780 3191 acl
801 3127 959 3192 transitum
980 3126 1019 3190 ad

58 3225 116 3291 alia
139 3222 326 3306 significare,
348 3234 382 3288 ut
402 3226 618 3291 Germanorum
638 3228 735 3304 dccli,
757 3226 916 3289 arbitratus
936 3233 995 3288 cst.

118 3319 155 3388 V.
173 3323 362 3387 275-276.
391 3322 544 3387 Sententia
561 3335 623 3388 estc
651 3328 793 3408 profecto
807 3325 914 3388 codem
929 3323 1021 3385 modo

54 3444 226 3508 pererrans
259 3425 466 3504 infortunium
496 3423 625 3484 aliunde
650 3426 694 3486 ad
719 3425 817 3487 αίίαιιι
841 3424 1022 3504 divertitur,

18 3596 23 3607 x
60 3523 91 3589 u.
114 3545 142 3588 e.
167 3523 285 3588 fortuna
308 3519 455 3586 mutabilis
475 3529 523 3584 est
544 3541 632 3603 quum
652 3523 797 3589 adversus
820 3542 866 3585 mu
887 3531 949 3607 tutu
971 3521 1023 3586 ad·
1063 3600 1064 3605 ρ
1203 3592 1206 3598 ,

788 3621 856 3688 10*
