2436 4116
222 309 267 369 ΙΝ
289 309 494 407 assereret
516 312 730 375 PROMETH.
755 314 892 378 VlNC'l'.
966 322 1035 384 23³

53 471 166 535 verbis
191 471 343 546 describit,
367 474 497 558 reliquos
520 497 591 541 vero
611 498 700 542 soene
723 500 843 563 egressa
862 485 1036 567 spectatoris

55 570 273 656 imaginationi
297 573 499 656 conjiciendos
523 576 671 660 relinquit.
718 578 751 641 ln
775 599 831 662 quo
853 602 941 665 quum
964 583 1036 648 nihil
1097 642 1100 649 .

57 690 126 733 non
150 670 314 753 prudenter
332 670 496 737 instituerit
527 686 628 757 poeta,
658 677 756 761 inepte
776 688 875 743 tamen
897 680 1036 747 Peuwius

56 790 133 832 enm
156 769 320 853 vituperat,
342 772 418 854 quod
434 770 552 856 linguae
571 783 601 837 et
617 776 724 839 mentis
740 778 943 844 confusionem
960 781 1038 847 haud

57 878 207 932 aeeurate
229 868 304 932 satis
324 869 424 933 verbis
446 870 639 953 expresserit.
685 873 721 938 V.
745 876 781 937 ad
802 897 834 939 v.
854 877 929 941 887.

128 964 170 1029 V.
193 966 268 1032 880.
311 965 571 1052 φρενοπληγὴς
602 971 699 1036 activo
729 992 820 1037 sensu
840 974 947 1039 dieitur
967 983 1038 1042 ani·

55 1085 152 1128 mum
174 1087 346 1152 pungens,
384 1073 418 1132 in
443 1073 600 1132 insanium
630 1072 791 1151 injiciens3
829 1071 1036 1158 φρενόπλη.

56 1187 155 1238 seor
177 1164 255 1230 inira
277 1167 420 1232 v.1056.
447 1167 565 1251 passivo
588 1188 680 1231 seusu
703 1173 744 1245 is,
767 1174 823 1252 qui
839 1175 964 1237 insania
983 1179 1035 1258 as-

49 1265 172 1343 sertus
194 1275 261 1344 est,
284 1269 461 1340 insaniens,
482 1263 669 1348 παράκοπος,
691 1265 821 1348 μανικός.

128 1363 167 1428 V·
188 1363 264 1430 881.
310 1363 487 1453 iipdegest
507 1368 623 1448 cuspis.
668 1362 764 1448 diodor·
785 1364 858 1442 ἆκίς.
891 1370 1037 1454 Αἰσχύλος

60 1467 233 1546 Προμηθεῖ
250 1461 390 1549 deopoirp.
422 1463 552 1549 Hesyoh.
587 1465 724 1527 Formata
740 1466 867 1530 fortasse
884 1468 955 1534 haee
971 1494 1035 1540 vox

59 1573 112 1626 est
139 1563 177 1625 ab
203 1559 299 1645 diedo,
331 1562 408 1645 quod
430 1571 476 1624 est
497 1565 641 1645 tinguere
647 1587 661 1636 ,·
690 1567 795 1646 cuspis
816 1566 893 1628 enim
916 1591 1035 1636 veneno

58 1661 224 1745 tinguitur.
270 1658 385 1723 Dicitur
412 1670 509 1724 autem
540 1659 701 1744 duvone,
733 1666 818 1746 eujus
847 1665 932 1728 vocis
954 1679 1035 1751 pote·

60 1770 173 1824 statem
189 1760 246 1823 hoo
266 1759 332 1823 loeo
351 1779 411 1821 non
430 1769 511 1823 reete
530 1770 721 1844 perceperunt
741 1760 929 1845 interpretes.
959 1768 1034 1833 Fue·

60 1869 137 1922 runt
167 1858 268 1934 enim,
298 1858 348 1942 qui
373 1855 503 1949 ἅπυρρς,
530 1859 606 1942 quod
633 1860 669 1921 ab
697 1881 718 1921 ο
738 1871 768 1923 οι
789 1868 849 1943 πῦρ
876 1864 1034 1931 lormatum

64 1969 126 2034 est,
149 1955 321 2038 πολύπορος
341 1957 536 2040 explicarent,
559 1966 627 2019 uta
649 1957 824 2040 privativum
845 1961 874 2022 h.
896 1962 916 2024 l.
936 1964 1035 2030 inten-

66 2055 163 2120 sionis
184 2055 245 2121 vim
268 2057 400 2119 haberet.
446 2053 529 2132 Quod
551 2054 599 2118 alii
621 2066 701 2119 reete
724 2068 833 2140 negant
849 2058 913 2122 fieri
932 2082 1033 2144 posse,

67 2175 158 2237 quum
189 2175 250 2217 non
276 2154 364 2218 liceat
392 2155 515 2217 eandem
542 2173 646 2216 vocem
672 2174 752 2217 nuno
781 2157 920 2239 negativo
942 2178 1034 2224 sensu

67 2273 147 2318 nuno
179 2253 357 2317 affirmativo
385 2272 540 2335 usurpare.
586 2250 621 2314 V.
653 2251 760 2314 Buttm.
794 2253 848 2316 Gr.
876 2253 929 2316 Gr.
953 2259 1030 2320 med.

68 2353 246 2434 §.120.5.
271 2362 334 2416 not.
355 2352 406 2414 ll.
462 2349 544 2413 Unde
572 2348 747 2414 Sehuetzius
775 2353 894 2434 putabat
920 2350 1034 2438 ἄπορος

69 2448 98 2514 h.
118 2451 140 2515 l.
165 2451 334 2536 significare
356 2453 429 2533 igne
449 2470 512 2511 non
525 2451 655 2528 suetus,
676 2460 709 2512 ut
729 2454 834 2532 auspiia
853 2450 1033 2536 intelligere-

68 2558 135 2627 tur,
159 2570 235 2635 quae
255 2570 318 2612 non
332 2552 445 2628 ferrea
467 2557 566 2620 esset3
598 2547 672 2629 apud
693 2547 852 2631 scriptores
875 2549 952 2612 enim
975 2550 1041 2615 Aa·

66 2641 171 2736 solrylo
203 2647 385 2730 antiquiores
415 2647 456 2709 ait
483 2644 540 2708 hoe
568 2645 742 2728 yooabulum
764 2647 864 2711 valere
879 2651 953 2732 'igni
970 2672 1034 2716 non

65 2734 239 2821 admotum,
262 2750 330 2809 sine
348 2750 422 2830 igne
435 2747 575 2824 suetum.
622 2741 716 2820 Quam
736 2765 791 2828 ego
808 2746 1033 2830 explicationem

61 2841 97 2910 h.
121 2847 143 2911 l.
167 2865 292 2930 prorsus
312 2843 463 2927 improbo,
491 2841 628 2925 quoniam
651 2842 766 2925 imago,
798 2866 855 2929 qua
877 2848 969 2910 uestri
991 2848 1033 2911 di·

62 2945 146 3008 citur
169 2942 268 3021 euspis
288 2964 348 3005 non
369 2942 438 3025 igne
459 2961 530 3004 eusa
553 2961 633 3014 esse,
656 2942 788 3022 quaesita
807 2954 853 3006 est
872 2955 901 3007 et
921 2945 1030 3028 inepta.

60 3038 101 3104 ld
121 3041 185 3124 ipse
206 3041 383 3104 Sehuetzius
405 3041 536 3104 sensisse
560 3039 691 3116 videtur,
718 3060 807 3122 quum
829 3041 866 3103 ad
887 3042 965 3104 illam
987 3043 1033 3107 in·

61 3139 309 3219 terpretationem
332 3140 539 3202 defendendam
561 3138 665 3209 addat,
690 3157 749 3199 non
772 3158 876 3201 omnes
897 3151 1033 3206 veterum

63 3248 221 3322 poetarum
243 3237 389 3320 imagines
412 3238 447 3299 ad
465 3246 585 3298 nostrae
601 3235 706 3299 aetatis
720 3255 841 3297 sensum
858 3238 1032 3302 examinan-

67 3337 121 3400 das
144 3356 225 3400 esse.
277 3335 341 3398 lloe
369 3344 450 3398 reete
480 3334 593 3416 quidem
622 3333 671 3397 ille
692 3334 882 3410 observavit,
911 3336 1033 3400 sedea-

67 3434 198 3498 vendum
226 3446 292 3510 est,
325 3454 363 3496 ne
400 3431 545 3516 imagines
573 3453 589 3494 a
615 3432 766 3496 veteribus
796 3433 938 3496 adhibitas
966 3435 1034 3499 esse

47 3536 234 3616 'putemus‚.
256 3552 329 3617 quas
348 3531 390 3597 illi
413 3553 472 3596 non
495 3529 698 3595 adhibuerunt.
742 3530 835 3599 otton
856 3542 972 3610 autum,
1002 3543 1035 3604 nt

144 3716 155 3741 ι
218 3676 235 3711 Q
