2436 4116
207 341 253 400 tu
274 338 478 402 muscum
500 338 711 403 ruomuutt.
736 339 872 402 vlucu.
949 342 1015 407 15³

57 506 151 573 tolum
172 504 294 589 probata
315 525 398 577 esse,
423 517 498 587 quae
517 503 711 569 Prometheus
733 513 837 568 contra
856 504 940 570 Jovis
963 505 1019 571 im·
1155 534 1157 540 ·

57 605 169 690 perium
199 612 415 688 perpetrasset,
446 623 549 666 verum
578 602 666 668 etiam
692 603 774 667 ilium
796 602 927 668 omnium
947 627 1019 670 con·

58 703 213 779 ciliorum,
243 686 318 784 quac
340 700 386 765 hio
408 699 440 764 iu
460 700 609 766 hominum
633 701 758 767 salutem
778 702 924 786 cepisset,
953 725 1020 791 perr·

56 801 172 888 ticipcm
194 801 288 866 fuisse
308 809 338 863 et
360 799 536 888 adjutorem.

116 899 154 967 V.
176 900 249 965 3³2.
294 899 403 962 ἔασον
423 919 467 963 sc·
491 896 525 963 τὸ
548 903 675 982 πρᾶγμα.
708 895 808 963 Schul.
828 900 861 962 B.
884 899 1017 986 suppleta

59 998 158 1072 ἔνθεῖν
178 996 255 1082 πρὸς
274 994 373 1062 αὐτόν.
1043 985 1060 1010 ”

119 1096 158 1162 V.
182 1098 256 1163 334.
298 1097 520 1161 παπταίνειν
547 1117 651 1160 vocem
672 1094 859 1161 Homericam
880 1116 949 1161 esse
968 1118 1022 1163 uo·

59 1207 102 1263 tat
119 1197 307 1263 Blcmfieldus
328 1207 359 1259 et
378 1203 590 1259 commemorat
611 1193 710 1258 Schcl.
729 1194 833 1260 Veuat.
857 1198 893 1263 ad
914 1197 949 1261 ll.
968 1199 1021 1278 tv,

59 1295 134 1363 200.
173 1296 401 1369 παπταίνων,
432 1289 450 1356 ὅ
466 1290 626 1372 πανταχόσε
642 1289 895 1376 περιβλεπόμενος,
915 1323 1023 1364 muro.

15 1448 24 1465 ,
59 1391 125 1474 priua
144 1393 215 1469 τοὺς
238 1388 416 1473 ὀφθαλμοὺς
435 1392 555 1472 ῥίπτων,
576 1388 617 1465 ὥς
639 1389 679 1473 μὴ
700 1389 790 1459 λάθοι
810 1391 908 1461 αὐτόν.
947 1399 1023 1465 Cae-

61 1502 156 1557 terum
178 1490 267 1567 αὐτὸς
296 1511 356 1555 uou
385 1490 421 1554 ad
441 1487 585 1555 πάπταινε
606 1491 756 1574 pertinet,
783 1494 835 1557 sed
854 1496 889 1559 ad
910 1520 1024 1579 πημαν.

60 1596 129 1677 θῇς.
171 1590 364 1684 Prometheus
385 1600 524 1665 veretur,
554 1610 592 1653 ne
613 1588 681 1665 illc,
711 1590 737 1654 si
759 1591 853 1675 ipsum
875 1595 1023 1675 defendat,
1071 1666 1074 1671 ⁴

62 1688 129 1754 tovi
148 1690 250 1754 veniat
270 1690 302 1754 iu
324 1688 521 1773 suspicionem
545 1687 696 1757 societatis
714 1690 840 1775 ideoque
861 1705 891 1759 et
911 1696 1025 1783 ipsein

62 1808 185 1872 poenam
207 1789 328 1855 incidat.
373 1789 461 1853 Coof.
483 1808 514 1852 v.
534 1785 608 1851 345.
650 1871 652 1874 Α

126 1886 164 1950 V.
187 1888 261 1953 335.
305 1893 484 1971 φρενοῦν·
519 1884 685 1964 διδάσκειν,
712 1897 865 1957 νουθετεῖν
891 1894 1023 1983 Hesych.

64 1987 106 2062 sir
125 1983 270 2068 φρόνησιν
291 1983 380 2070 ἄγειν.
420 1985 518 2050 Schoi.
543 1986 580 2048 ad
602 1985 689 2069 Soph.
711 1986 819 2053 Trach·
844 2014 876 2057 r.
896 1997 948 2059 ⁶2.
970 2016 1026 2062 σω.

64 2087 209 2168 opporttno
231 2085 330 2152 schol,
354 2085 387 2147 Β.
940 2149 943 2154 ,

125 2183 162 2248 V.
186 2183 260 2248 340.
305 2180 347 2246 τὰ
369 2181 445 2263 μὲν,
465 2202 506 2243 er
526 2182 586 2243 aar
604 2191 715 2261 porum
736 2184 852 2266 proprie
871 2191 955 2272 sequi
977 2194 1027 2258 de·

64 2280 151 2343 habat
171 2278 207 2343 τὰ
227 2283 276 2361 et,
297 2283 349 2347 scd
373 2283 427 2346 hoc
448 2281 572 2344 alterum
595 2279 625 2342 in
646 2300 680 2345 re
701 2280 763 2364 ipsa
786 2282 882 2348 inesto
909 2296 1028 2370 partim

66 2387 98 2441 to
119 2381 230 2459 laudo,
250 2387 367 2466 purtim
387 2390 419 2445 to
439 2402 502 2444 non
522 2381 630 2462 laudo,
651 2380 719 2464 quia
737 2382 849 2448 frustra
866 2383 1026 2466 laborabis,

48 2477 94 2542 ‘si
122 2500 188 2545 mea
215 2503 321 2547 caussa
347 2481 476 2546 laboras.
525 2478 683 2545 Brevitatis
715 2485 937 2568 caussapergit
955 2485 1028 2573 ἀτὰρ

68 2575 158 2658 μηδὲν
177 2575 270 2645 πόνει.
312 2580 357 2644 At
378 2575 455 2660 λήξω
477 2576 590 2660 cogitat
614 2577 741 2641 ἐπαινῶν
762 2597 801 2643 σε.

133 2677 170 2742 V.
192 2679 266 2743 344.
315 2673 459 2742 σαυτὸν
487 2672 653 2740 ἐκποδὼν
682 2677 779 2758 ἔχων.
822 2679 912 2746 Recte
932 2683 1029 2749 Biom·

69 2776 172 2845 fluidus
201 2777 256 2842 Ιιοε
282 2776 509 2860 interpretatur:
542 2784 573 2837 te
602 2779 704 2857 tpaom
731 2789 883 2843 remotum
910 2790 1030 2851 tenone.
1073 2811 1077 2817 ⁴
1128 2757 1132 2767 ¹

69 2875 157 2947 iubet
182 2877 260 2943 enim
282 2875 476 2943 Prometheus
499 2873 647 2936 Oceanum
671 2894 706 2938 ae
732 2877 905 2944 abstrahere
925 2883 963 2945 ab
984 2883 1030 2948 his

70 2973 157 3037 malis
182 2997 278 3059 nequo
312 2997 346 3040 sc
373 2972 540 3039 immiscere
568 2990 640 3034 suae
667 2972 760 3055 ipsius
784 2976 889 3041 salutis
910 2999 1029 3043 caussa.

70 3071 160 3132 Vetat
185 3093 252 3135 eum
278 3087 310 3138 ct
334 3075 379 3139 irc
405 3074 443 3139 ad
468 3071 572 3138 Jovem
599 3082 630 3136 et
655 3071 777 3136 omuino
805 3075 840 3138 da
869 3075 915 3138 his
943 3079 1033 3142 rebus

72 3164 214 3250 cogitare.

44 3284 48 3289 ·
137 3263 173 3328 V.
197 3264 394 3330 347-372.
438 3267 528 3333 Recte
555 3267 740 3332 Blomfieldua
767 3277 855 3351 atque
881 3267 1033 3336 Wellaue·

73 3386 146 3438 rus,
171 3364 264 3428 secuti
279 3364 466 3446 Elmslcjum,
489 3365 542 3430 hoa
563 3387 670 3430 versus
686 3365 891 3429 Prometheum
910 3367 1033 3448 loquan-

74 3476 134 3529 tem
157 3462 279 3529 iaciunt.
322 3461 398 3526 Nam
420 3461 492 3525 haec
513 3463 607 3525 oratio
628 3484 718 3545 quum
739 3461 860 3527 omniuo
881 3484 942 3526 non
961 3464 1035 3530 Oee-

74 3584 134 3631 ano
150 3564 303 3640 convenit,
326 3573 386 3627 tum
405 3569 558 3645 propterea
577 3562 654 3650 quod
675 3561 758 3627 Atlas
774 3561 952 3643 Promethei,
973 3585 1036 3634 noo
