2436 4116
130 341 196 408 1'74
289 337 292 342 ’
435 340 759 404 COMMENTARIUS

125 511 215 594 hunis
237 521 333 574 auum
354 508 411 572 iltis
433 505 619 582 hominihus,
642 508 692 592 qui
712 507 900 573 formicarum
921 510 1018 573 instar
1034 509 1076 574 ri·

124 613 253 686 vehant,
275 631 309 673 ea
331 607 522 672 Prometheus
539 606 690 691 apernisse
712 607 827 672 dicitur.

96 802 99 808 ,
187 745 223 810 V.
245 745 318 808 457.
363 740 524 825 ἀριθμὸν
546 741 674 823 ἔξοχον
695 740 961 825 σοφισμάτων,
983 746 1077 808 arith·

124 846 267 910 meticam
286 846 401 907 artium
417 846 728 926 praestantissimam.
773 843 854 919 „flio
876 846 1013 909 caecutiit
1034 847 1076 909 in·

124 957 239 1030 terpres
254 943 385 1008 Graccus
405 939 441 1020 α’,
464 953 493 1007 et
515 942 564 1027 qui
587 964 653 1006 eum
672 954 813 1026 sequutus
835 955 891 1021 cst,
914 945 1075 1023 Garhitins‚

125 1046 269 1110 reddens:
296 1053 461 1127 praeterea
481 1047 574 1104 etiam
595 1045 700 1105 inueni
717 1046 791 1126 ipsis
812 1047 956 1107 eximiam
974 1049 1076 1109 multt-

123 1147 262 1208 tadiaem
278 1147 403 1215 artium,
440 1142 482 1205 De
500 1141 689 1204 Arithmetica
708 1143 828 1207 omnino
845 1144 1074 1230 intelligendum,

125 1267 212 1330 quam
244 1243 350 1308 artium
387 1232 665 1328 praestantissimam
699 1244 858 1307 censebant
890 1244 1075 1330 Pythagorei,

125 1345 204 1408 inter
225 1364 299 1427 quos
320 1342 485 1428 Aeschylus
510 1340 604 1404 locum
628 1340 772 1416 obtinuit,
798 1343 900 1427 duplici
924 1354 1075 1430 respectu:

125 1441 161 1508 οὐ
189 1439 294 1523 μόνον,
322 1440 368 1504 ὅτι
397 1442 507 1523 ἔφαμεν
533 1437 625 1520 αὐτὴν
652 1439 684 1503 ίν
710 1447 747 1528 τῇ
775 1449 829 1506 τοῦ
856 1445 983 1526 τεχνίτου
1005 1432 1077 1508 θεοῦ

124 1543 239 1629 διανοίᾳ
262 1537 482 1626 ιτροάττοστῆναι
507 1546 565 1604 τῶν
592 1537 686 1602 ἀλλων
714 1537 816 1616 ὥςανεί
839 1541 925 1629 λόγον
945 1541 1011 1621 τινά
1031 1540 1077 1608 κί-

125 1664 210 1727 σμιον
230 1642 280 1706 καὶ
298 1636 573 1725 καραδειχματικὸν,
594 1636 672 1723 πρὸς
690 1638 725 1704 ὃν
745 1639 966 1724 ἀπερειδόμενος
985 1639 1002 1707 ἆ
1021 1650 1077 1707 τῶν

86 1744 88 1748 ’
124 1740 200 1807 ἀίων
221 1736 410 1824 δημιουργὸς,
439 1735 478 1813 ὦς
503 1736 577 1822 πρὸς
597 1740 779 1822 προκὲντημα
800 1765 827 1803 τι
849 1742 903 1824 (ita
927 1764 1004 1805 novo
1026 1762 1076 1804 no·

124 1842 204 1906 ruine
243 1839 386 1922 appellare
420 1838 535 1901 videtur
564 1841 771 1902 antecedentes
797 1840 826 1901 in
855 1853 952 1904 mente
980 1840 1075 1904 divina

122 1940 291 2027 priusquam
309 1936 474 2001 existerent
491 1957 588 2001 rernm
609 1936 758 2019 notiones)
780 1939 830 2001 καί
850 1936 1010 2021 ἀρχέτυπον
1023 1966 1076 2003 ιτα-

123 2035 278 2123 ράδειχμα,
298 2033 334 2100 τά
355 2035 387 2100 ίκ
407 2043 459 2117 τῆς
477 2034 549 2118 tam
568 2034 744 2114 ἀποσκοπεῖ,
765 2037 815 2101 καὶ
834 2042 887 2100 τοῦ
905 2039 1015 2100 οἰκείου
1035 2038 1075 2100 ιε’-

122 2146 191 2213 ίους
218 2133 367 2222 τυγχάνειν
392 2144 488 2199 ποιεῖ·
518 2133 591 2200 ἀλλά
615 2136 664 2200 καὶ
692 2134 737 2199 ὅτι
764 2131 851 2215 φύσει
873 2135 1076 2219 προχενεστὲρα

122 2236 292 2321 ὑπάρχουσα
322 2236 376 2316 (ita
397 2236 566 2320 tegendum)
596 2235 656 2323 ὅσῳ
682 2237 842 2317 συνανείρει
864 2233 916 2314 μὲν
936 2233 1024 2322 ἑαυτῇ
1042 2230 1076 2296 τά

123 2334 227 2414 touch,
257 2333 292 2398 οά
321 2337 515 2418 συνανείρειαι
545 2335 577 2398 δὲ
604 2337 731 2408 ἐκείνοις.
777 2332 948 2397 Nicomaoh.
978 2334 1028 2397 lib.
1050 2332 1072 2397 l.

122 2435 319 2521 ἀριθμητικῆς
341 2436 504 2520 είςοηωγῆς.
546 2434 627 2498 luter
643 2434 824 2520 Pythagorea
844 2429 1013 2514 ἀκούσματα
1029 2454 1075 2497 re

122 2547 225 2602 censet
250 2535 427 2600 Jamhtiehus
456 2537 484 2596 τί
509 2531 542 2598 τὸ
572 2530 754 2614 coecitatem
784 2528 930 2617 ἀριθμὸς,
959 2533 995 2596 de
1022 2531 1072 2596 vit.

122 2636 246 2722 Pythag.
278 2657 305 2698 c.
329 2637 378 2696 17.
424 2633 507 2712 Quod
533 2654 606 2697 vero
635 2634 671 2696 ad
697 2644 845 2696 auctorem
868 2630 1074 2696 arithmeticae

123 2745 252 2819 spectat,
283 2744 371 2811 sunt,
402 2733 452 2818 qni
472 2733 637 2797 Minervam
659 2731 833 2796 eonomine
855 2731 986 2808 laudent,
1008 2730 1072 2794 htv.

121 2833 171 2897 tib.
197 2832 261 2909 Vtt,
284 2856 310 2897 ο.
330 2835 360 2898 3.
395 2840 488 2917 eoque
517 2832 670 2897 Minervae
699 2832 804 2916 tempto
825 2831 948 2895 dicatam
969 2830 1073 2915 legem,

121 2935 187 3018 quia
211 2955 352 2998 numerus
373 2956 389 2998 a
412 2935 547 2998 Minerva
568 2931 707 2994 inventus
728 2932 785 3006 sit3
813 2930 862 2993 alii
883 2930 1074 3004 Palamedem,

121 3037 157 3099 tle
178 3056 235 3119 quo
259 3034 356 3106 Plato,
388 3030 409 3115 ἢ
438 3030 493 3097 οάκ
514 3027 686 3112 ἐννενόηκας
705 3028 750 3115 ὅτρ
771 3029 861 3112 φησὶν
881 3025 1011 3114 ἀριθμὸν
1031 3023 1074 3092 εί-

119 3131 193 3219 aaa
221 3133 379 3219 Sophocles
401 3134 436 3197 tte
458 3130 575 3195 eodem:

244 3260 329 3342 οὗτος
349 3264 376 3330 δ’
400 3267 504 3347 ἐφεῦρε
525 3271 623 3345 τεῦχος
639 3259 759 3350 ’Λρχείρι
779 3269 890 3350 στρατῷ

242 3362 377 3447 οταθμήν
402 3361 428 3427 τ’
454 3361 606 3449 ἀριθμῶν,
628 3363 678 3427 καί
696 3363 806 3448 μέτρων
826 3359 974 3448 εὑρήματα
1029 3420 1032 3425 ,

240 3463 353 3554 κάκεῖν’
378 3465 498 3555 ἔτευξεν.
763 3464 766 3468 ’

38 3695 51 3703 -
117 3597 272 3682 Euripides
294 3600 325 3662 io
349 3599 458 3663 Phoco.
484 3619 514 3661 v.
536 3597 609 3662 ott.
634 3595 728 3661 5422
