2436 4116
169 113 235 178 ldti
450 100 461 178 s
482 107 808 172 COMMENTARIUS

163 279 254 362 vulgo
277 274 400 359 legitur,
425 274 642 358 quodpropter
664 286 852 358 anapaestum
874 277 905 340 iu
928 289 1031 360 quarta
1054 280 1124 343 sede

164 400 225 443 nou
251 375 401 441 ferendum
430 382 487 437 eat
540 373 616 438 llinc
637 375 739 439 variae
764 397 783 440 a
807 377 898 440 variis
920 379 1031 442 criticis
1052 399 1122 442 con

148 480 295 563 ¹Jeutnrae
327 471 458 556 prolatae
490 482 570 535 sunt.
622 473 764 537 Nonnulli
791 472 863 539 κάτ’
896 473 929 550 ὃς
954 477 1118 587 ediderunt,

162 578 258 660 eJ‘ecto
285 573 350 656 jota
379 570 487 642 dativi,
521 571 598 653 quod
618 593 766 655 nunqnam
791 574 857 658 ejici
880 596 967 659 posse
991 553 1120 653 videtdr,

161 675 228 759 quia
250 671 344 735 oratio
366 670 451 735 lieret
473 670 625 753 ambigua3
656 670 711 733 hoe
732 671 809 735 euim
838 673 902 738 loco
922 673 994 738 redo'
1019 685 1048 738 et
1069 697 1120 760 pro

162 769 335 841 nominativi
357 768 518 836 masculino
540 780 569 833 et
587 789 637 853 pro
659 768 800 834 feminino
816 773 915 836 haberi
932 785 1045 856 posset,
1068 775 1120 840 vix
1163 810 1168 817 ·

159 882 299 938 autema
326 887 471 950 quoquam
492 888 544 950 pro
566 868 675 931 dativo.
719 869 854 954 Plerique
875 871 952 949 loci,
982 872 1031 935 ubi
1053 894 1119 956 poe·

160 985 209 1038 tec
231 972 307 1036 hauc
328 965 384 1030 sibi
405 965 568 1030 liberatem
591 967 776 1031 concessisse
797 968 952 1045 videntur,
981 980 1034 1034 ant
1056 992 1119 1035 cor·

160 1071 238 1154 rupti
259 1076 395 1132 sonitant
412 1065 497 1129 aliter
518 1065 719 1129 construendi.
764 1067 800 1130 V.
822 1067 951 1131 Lobeclr
973 1070 1009 1131 ad
1027 1067 1115 1153 Soph.

159 1171 209 1254 uj.
233 1189 264 1231 v.
284 1166 357 1248 801.
376 1185 403 1247 p.
421 1164 494 1228 350.
514 1183 579 1246 sqq·
624 1160 683 1227 ls'
668 1163 788 1246 ἀντέστη
805 1166 986 1249 aliquando
976 1187 1008 1229 m
1029 1191 1117 1250 arpoc-

159 1287 212 1347 στη
229 1264 354 1328 mutarit
375 1283 434 1325 uon
455 1261 529 1325 mala
548 1261 737 1344 conjecturo,
760 1265 826 1345 quia
845 1266 982 1329 credibile
1000 1276 1047 1331 eat
1065 1267 1116 1330 luoc

159 1367 281 1430 verinum
316 1361 486 1424 inusitatius
516 1359 652 1423 librarios
682 1381 735 1442 per
762 1359 881 1446 dendorp
909 1363 1116 1448 interpretatos

157 1486 251 1530 emes
292 1462 376 1540 Quod
404 1459 551 1523 Gaisiord.
582 1452 709 1541 conjecit
745 1470 774 1523 et
805 1462 936 1525 Porsono
964 1464 1113 1546 probatu·

157 1563 268 1646 recepit
286 1558 488 1632 Blomlieldus,
510 1563 625 1637 θοῦρον
645 1554 723 1629 ὅστις
744 1555 864 1645 ἀντέστη
885 1559 996 1623 omisso
1017 1568 1114 1638 πᾶσιν,

128 1655 131 1662 ’
156 1664 224 1726 idco
250 1660 380 1742 ineptum
407 1667 471 1729 est,
500 1656 576 1738 quod
600 1651 635 1728 ὃς
657 1654 809 1718 dicendum
831 1667 915 1735 erut,
945 1681 1005 1723 non
1027 1660 1113 1737 ὅστις,

36 1747 44 1759 ’
156 1757 296 1844 qnoniam
324 1756 450 1832 dicitur,
479 1759 536 1837 qur·
560 1754 680 1836 aliquid
698 1757 831 1834 jecerit,
862 1758 938 1839 qnod
959 1777 1011 1839 per
1037 1757 1115 1833 ὅστις
1180 1819 1184 1826 ,

156 1878 306 1942 uunquam
329 1865 426 1940 potest
446 1853 582 1937 exprimi.
625 1853 750 1917 Facilior
770 1874 855 1937 quom
878 1855 1016 1918 Loleckii
1036 1857 1114 1921 vide·

67 1998 75 2002 -
157 1972 294 2025 teresse
316 1952 530 2018 Wunderliehii
556 1952 744 2036 conjectura,
767 1973 824 2035 qna
845 1949 948 2034 ἀνέστη
969 1957 1112 2032 correxit,

157 2067 274 2140 recepto
294 2075 312 2117 a
334 2053 370 2116 G.
394 2052 544 2115 Diodorfio
565 2063 596 2114 et
628 2063 780 2135 propterea
802 2055 939 2135 probata,
967 2057 1045 2138 quod
1068 2056 1112 2119 nbi
1174 2114 1176 2118 .

156 2157 249 2221 verba
280 2151 399 2215 Homeri
429 2151 463 2215 ll.
486 2150 601 2226 XXlll,
623 2151 696 2214 634.
731 2153 895 2214 afferuntur
920 2155 956 2217 ab
986 2155 1112 2219 Aristide

155 2255 216 2318 vol.
238 2252 274 2329 ll,
296 2272 324 2334 p.
344 2249 417 2313 503.
441 2247 503 2331 pari
521 2269 623 2312 errore
639 2249 671 2311 iu
688 2250 787 2313 codice
804 2253 928 2332 quodam
946 2240 1112 2317 Florentino

155 2352 275 2431 ἀντέστη
295 2349 435 2432 scriptum
455 2357 502 2411 est
522 2368 574 2430 pro
595 2345 714 2428 ἀνέστη,
737 2351 812 2430 qnod
834 2361 958 2414 metrum
978 2351 1108 2434 requirit

157 2451 213 2514 Sed
234 2448 298 2510 duri
320 2447 347 2508 hi
370 2455 441 2507 sunt
461 2444 593 2507 numeria
619 2451 709 2509 πᾶσιν
729 2444 763 2521 ὃς
783 2444 888 2529 ἀνέστη
904 2455 1004 2524 θεοῖς,
1024 2471 1056 2514 v.
1077 2450 1110 2514 ad

154 2547 277 2612 uum.
322 2545 504 2628 Quapropter
525 2564 612 2626 quum
635 2544 750 2615 codices
769 2543 804 2619 ὃς
826 2547 876 2610 alii
898 2547 954 2610 alio
976 2547 1041 2611 loco
1061 2571 1109 2632 po-

115 2661 117 2664 ·
153 2657 239 2718 nent,
263 2654 293 2708 ct
310 2644 358 2707 vir
374 2642 488 2724 qnidam
504 2643 605 2705 doctus
622 2641 654 2704 in
668 2643 780 2726 ephem.
796 2644 863 2707 Jeu.
880 2646 971 2709 1813.
995 2669 1022 2730 p
1036 2650 1106 2712 212.

153 2743 188 2820 ὃς
206 2741 339 2828 ejecerit,
362 2741 445 2825 plene
464 2739 698 2824 interpunctione
715 2752 781 2825 post
796 2749 911 2825 θοῦρον
925 2746 1037 2828 posita,‘
1056 2768 1109 2832 ego

152 2866 221 2909 eum
247 2842 287 2906 ita
316 2850 435 2904 secutus
456 2859 541 2912 sum,
574 2849 621 2911 ut,
653 2839 720 2922 qoia
742 2840 872 2923 copulam
896 2844 995 2926 putavi
1016 2845 1109 2911 omitu'

153 2964 215 3009 nou
233 2962 343 3028 posse,
377 2937 404 3001 δ’
430 2940 564 3002 adderem
587 2946 617 2999 et
635 2958 773 3020 ponerem
796 2941 892 3018 colon.
943 2942 1025 3021 Quor
1047 2945 1108 3028 qui·

153 3046 219 3108 dem
251 3039 416 3106 emendatio
444 3035 579 3099 facillima
606 3056 674 3099 esse
700 3037 817 3102 videtur
842 3051 872 3104 et
902 3041 938 3104 ad
959 3041 1108 3124 periodum

153 3155 184 3208 ct
203 3145 240 3207 ad
262 3158 401 3205 numeros
419 3134 513 3219 magis
532 3132 689 3212 concinna,
711 3159 797 3220 quam
815 3138 938 3202 aliorum
956 3140 1121 3207 lectiones(

214 3240 251 3305 V.
276 3241 348 3304 355.
392 3235 550 3318 συρίζων
571 3231 708 3312 φόνον,
739 3240 863 3319 epirum
883 3241 1021 3302 eaedem.
1056 3259 1109 3304 συ-

152 3339 279 3421 ρίζων,
302 3335 437 3401 ἐκπνέων.
472 3329 587 3408 εἰκότως
613 3328 674 3398 εἷπε
695 3331 728 3400 τὸ
748 3337 869 3419 συρίζων
891 3335 990 3420 ἐπειδὴ
1013 3334 1110 3420 ὀφέων
