2436 4116
210 327 282 402 ἰσι
368 309 370 312 ’
531 328 921 462 communiamus

274 472 313 566 V.
334 493 409 562 404.
451 490 648 578 ἀμέγαρτα
615 519 671 580 pop
690 492 776 574 τάδε,
804 517 849 563 sc.
872 497 939 564 ἔστι.
988 498 1077 564 Nom
1090 440 1170 566 ΙΙιυαο

215 609 289 666 aunt
312 595 561 677 infaustissimo,
589 593 619 656 h
643 615 671 658 e
702 617 777 679 quae
808 596 860 661 tihi
882 598 1072 674 acciderunt,
1105 613 1172 666 sunt

215 694 402 785 gravissima
405 691 482 756 malo
495 692 701 758 ethorrihitia.
746 692 968 860 ἀμέγαρτον
989 696 1170 781 ἆφθόνητον,

215 795 369 879 ἀζήλωτον.
405 789 426 874 ἢ
455 788 569 872 πολυν
594 789 614 873 ἢ
645 792 748 877 μέγαν·
786 792 828 870 oie
847 793 880 862 τὸ
899 794 1038 883 ἀμέγαρτε
1058 804 1171 881 συβῶτα

218 899 309 983 (ot.
310 893 407 969 xvh,
428 892 532 974 219.)
565 891 694 978 Hesyoh
1139 956 1141 962 .

279 996 318 1062 V.
340 995 415 1059 402.
458 987 701 1074 ὑπερήφανον
720 989 906 1075 atpptm‘
885 995 1090 1077 υπεροπτιαὸν,
1111 1023 1172 1082 τρο·

216 1104 305 1181 ρεῖαν
317 1092 416 1158 Schol-
440 1091 474 1153 Β
502 1086 589 1204 cipit}
618 1090 734 1176 sigrium
762 1094 915 1177 potcstatis
941 1107 989 1160 cst
1010 1108 1041 1161 ct
1061 1098 1170 1183 imperii

217 1195 313 1262 iovis.
366 1190 512 1274 Antiquos
540 1189 618 1254 enim
649 1208 735 1276 reges
765 1205 865 1258 monet
894 1195 1031 1260 Buticrus
1062 1199 1171 1262 hastam

219 1306 352 1381 gestasse
373 1312 426 1376 pro
447 1299 574 1373 sceptro.
617 1286 805 1374 ὑπερήφανος
820 1304 917 1358 autem
936 1305 1061 1359 vocatur
1080 1293 1172 1378 αἰχρνὴ,

219 1395 298 1481 qnod
318 1393 356 1458 ad
376 1412 462 1462 οισι,
495 1389 544 1473 qui
566 1389 679 1453 hastam
703 1391 799 1474 gerit,
825 1395 940 1478 proprie
961 1395 1104 1479 pertiuet3
1135 1396 1172 1461 si-

220 1494 376 1578 gnificatur
403 1489 454 1552 illo
481 1488 609 1574 epitheto
631 1491 786 1573 superbum
811 1492 895 1557 toris
914 1493 1090 1578 imperium,
1120 1517 1196 1580 quo»

221 1594 297 1658 ahos
318 1609 421 1654 omnes
443 1582 559 1672 speruit
577 1599 608 1652 et
627 1589 664 1652 ah
686 1609 769 1653 snam
790 1591 971 1666 voiuntatcm
992 1595 1082 1678 regit.
1165 1653 1169 1660 <

221 1749 225 1754 ,
282 1690 320 1755 V.
342 1688 416 1754 403.
460 1696 537 1763 τοῖς
561 1685 688 1770 πάρος.
739 1687 897 1754 Saturnum
928 1703 958 1756 et
983 1692 1108 1758 Titanas
1133 1693 1174 1760 iu·

219 1790 337 1874 tellige,
361 1786 465 1870 quihus
487 1787 631 1851 hastam
621 1786 734 1870 imperii
756 1787 990 1867 ἐνδείανυσι,
1018 1802 1174 1868 monstrat,

221 1890 253 1953 h.
275 1909 304 1952 c.
328 1887 528 1950 monstrando
545 1894 652 1950 torret.

184 2036 194 2055 .
220 1958 411 2052 V'..405
436 2005 501 2068 sqq.
543 1982 844 2068 ρεγαλυσχήμονα
871 1983 995 2068 τιμὰν,
1026 1988 1056 2049 h
1082 2010 1117 2053 e.
1135 1989 1175 2052 dt-

218 2088 389 2171 gnttatem,
419 2105 501 2167 quoe
524 2106 674 2168 magnam
702 2087 834 2167 spectem
854 2084 961 2162 hahet,
993 2106 1061 2148 ιιιιισ
1041 2088 1175 2169 guihenn

219 2186 386 2262 honorem,
408 2203 465 2266 quo
486 2183 651 2269 gautehant
675 2193 706 2246 et
726 2193 757 2245 tu
780 2194 809 2247 et
828 2185 936 2248 fratres
956 2184 1011 2248 toi.
1056 2183 1175 2270 μεγάλου

223 2283 366 2367 σχήματος
381 2275 473 2346 οὖσαν
490 2280 693 2369 τιμὴυὸαῑιοὶ.
710 2282 747 2346 Α.
770 2279 1033 2367 ἀρχαιοπρεπῆ,
1058 2283 1113 2368 τὴν
1127 2312 1175 2350 πα-

224 2382 308 2447 λαιὰν
335 2379 420 2462 τιμὰν
451 2381 548 2445 Schol.
581 2382 614 2444 Β.
654 2377 881 2465 ἄρχαιοπρεπὴς,
912 2385 949 2446 oh
977 2385 1197 2469 antiquitatem.

222 2483 423 2559 honorificus,
450 2481 571 2545 omuino
594 2485 741 2563 antiquus
759 2491 819 2544 est.
867 2482 981 2547 Sensus
1002 2495 1067 2548 est:
1095 2496 1176 2548 terro

222 2587 379 2666 queritur,
408 2590 439 2643 te
459 2590 553 2663 atque
573 2584 697 2661 fratres
715 2589 786 2643 tuos
808 2581 958 2664 (Titanas)
980 2588 1109 2668 antiquo
1128 2588 1175 2648 ho-

222 2703 300 2744 nore
314 2684 454 2764 privatos
470 2682 626 2742 cecidisse
667 2678 763 2763 Vulgo
784 2679 935 2764 tegebatur.
948 2680 1176 2766 μεγαλοσχήμονα

218 2804 239 2858 τ
277 2775 487 2862 ἀρχαιοπρεπῆ,
509 2780 585 2862 quod
606 2800 660 2863 ego
686 2800 726 2842 ex
746 2778 867 2857 Aldina,
890 2782 938 2844 uhi
960 2780 1176 2866 μεγαλοσχήμων

219 2874 269 2941 στ’
302 2875 364 2961 ἆρχ.
392 2878 554 2942 exhibitum
583 2890 648 2953 est,
689 2888 807 2961 propter
833 2881 1014 2965 participium
1043 2883 1176 2949 στένουσα

224 2976 329 3062 spiritu
359 2977 454 3041 teni
446 3000 477 3041 ιιι
505 2999 648 3062 gravcm
646 2987 766 3041 mutato
798 2979 933 3055 comexi3
966 2979 1016 3045 oa
1043 2983 1123 3047 euim
1143 2981 1176 3050 at

224 3077 406 3162 participium
427 3079 566 3142 στένουσα
588 3085 705 3160 optume
725 3077 866 3159 quadram
885 3078 1110 3162 ρτχαλοσχημαα
1129 3103 1176 3145 au·

222 3187 283 3240 tem
305 3177 517 3242 nominativum
534 3176 559 3240 si
577 3174 768 3259 recepissem,
787 3175 819 3241 iu
834 3179 988 3262 strophicis
1009 3182 1176 3264 conjectum

135 3356 137 3360 y
220 3278 453 3360 δακρυσίστακτα
473 3273 501 3338 δ’
526 3297 585 3339 non
607 3294 680 3359 opus
700 3275 824 3353 fuisset,
852 3278 983 3362 recipere
1004 3289 1107 3346 tamen
1130 3282 1176 3344 du·

221 3376 331 3452 hitavi,
362 3376 431 3460 quia
459 3375 530 3439 ittut
558 3375 706 3460 epitheton
732 3396 794 3444 nou
822 3387 881 3441 tam
908 3378 1023 3462 regioni
1052 3379 1174 3450 cuidam,

221 3496 308 3556 qnam
330 3476 431 3562 generi
452 3474 578 3558 alicujus
599 3485 630 3538 ct
645 3475 780 3561 dignitati
802 3476 899 3564 (τιμῇ)
917 3477 1080 3543 convenire
1100 3479 1175 3557 ride

220 3573 315 3652 hatur.
368 3575 444 3662 Nam
470 3573 606 3660 frigidum
625 3589 707 3643 esset
731 3568 967 3664 μεγαλοσχήμοιν,
992 3576 1123 3643 additum
1144 3574 1175 3642 ad
