2436 4116
216 340 284 400 2118
529 334 855 398 COMMENTARIUS

216 502 328 567 bissimi
351 513 380 564 ct
401 499 511 583 ὕβρεως
529 502 617 585 pleni.
664 503 796 586 Denique
817 502 950 565 videmus
970 501 1175 567 Prometheum

216 614 275 665 tam
297 612 485 674 commotum,
509 612 542 664 ut
563 605 598 666 ad
621 623 669 678 ea,
692 624 767 685 quiae
787 602 916 685 loquitur
931 602 1100 665 Mercurius
1117 625 1174 665 uuo

215 701 349 783 deinceps
368 701 527 775 versiculo,
551 702 663 764 dnobus
680 701 774 785 iisque
790 702 975 786 gravissimis
994 713 1024 764 et
1043 702 1173 764 omnium

214 799 414 863 acerbissimis
440 800 485 862 bis
506 802 692 884 respondeat.
739 803 894 864 Caeterum
917 797 1067 882 λατρεύειν
1087 801 1174 886 πέτρα

213 900 406 962 Prometheus
433 920 520 982 surpra
550 921 580 963 v
602 900 672 962 143.
705 900 840 964 similiter
868 900 943 964 dixit
969 899 1173 974 οαοπὲλοιςὲα

213 997 315 1083 denote
335 995 469 1081 φρουρὰν
490 995 594 1078 ἄζηλον
616 993 719 1077 ὀχησω.

173 1101 181 1109 “
276 1098 445 1161 9973-
455 1098 529 1160 975.
574 1097 874 1160 lloetcScliuctzins:
900 1095 982 1174 Quod
1001 1099 1170 1160 subamaeae

205 1197 353 1262 -llercurii
375 1196 538 1279 quaestioni
563 1196 606 1257 sie
624 1197 791 1277 respondet,
816 1205 848 1258 nt
865 1217 898 1258 se
917 1196 963 1258 his
980 1196 1110 1259 fortunis
1123 1199 1171 1259 de·

212 1299 313 1361 lectari
338 1307 438 1380 neget,
462 1296 490 1358 id
512 1296 606 1379 ipsum
622 1293 851 1376 magnitudinem
869 1295 934 1377 ejus
954 1295 1046 1358 animi
1067 1295 1100 1358 in
1115 1296 1170 1359 cla-

211 1398 291 1460 riore
318 1396 383 1459 luce
411 1394 502 1479 ponit.
556 1392 674 1456 Etenim
704 1392 731 1455 si
759 1413 818 1484 non
841 1393 986 1457 sensisset
1008 1394 1169 1468 molestias,

211 1496 326 1559 facilior
354 1496 380 1558 ei
411 1494 516 1557 luisset
537 1491 656 1554 ferocia.
701 1490 788 1555 Nunc
816 1512 905 1574 quam
927 1512 961 1555 se
981 1493 1171 1557 acerbissimo

212 1596 354 1659 malornm
376 1615 466 1657 sensu
486 1591 554 1675 angi
572 1591 646 1654 haud
665 1590 833 1664 diffiteatur,
853 1612 907 1654 nec
922 1602 1020 1656 tamen
1035 1593 1101 1657 idco
1117 1594 1171 1656 ini-

211 1696 295 1758 micis
308 1716 340 1757 sc
357 1694 520 1766 submittat,
538 1692 589 1753 sed
602 1689 637 1752 iis
656 1690 776 1753 illudere
792 1700 821 1753 ct
834 1691 910 1753 mala
928 1692 1042 1773 precari
1054 1703 1167 1775 pergat,

197 1813 335 1875 magnus
358 1793 393 1854 ad
415 1789 594 1854 tortitudinis
610 1789 857 1852 existimationem
875 1791 1010 1854 cumulus
1024 1790 1146 1854 accedit.

274 1891 308 1954 V.
333 1891 406 1952 976.
450 1891 672 1971 ξυμφοραῖς.
723 1889 817 1971 Vulgo
845 1899 1024 1952 construunt
1044 1889 1169 1952 ἐπαιτιᾶ-

209 1997 283 2052 οθαο
297 1984 362 2050 τινά
373 2010 460 2062 τινος,
474 1987 551 2049 unde
568 1987 597 2049 lt.
609 1987 629 2050 l.
645 1995 807 2070 συμφορᾶς,
827 1989 902 2069 qnod
914 1987 1017 2051 Valek.
1030 1990 1167 2072 conjecit,

209 2086 384 2151 Schuetzius
405 2086 527 2169 reecpit,
551 2106 686 2168 unusque
709 2087 811 2148 Codex
832 2086 960 2148 firmavit
980 2107 1046 2149 eam
1069 2088 1168 2151 lectio·

208 2209 287 2250 rreur.
332 2186 441 2249 Verum
460 2191 624 2268 συμφοραῖς
644 2185 758 2248 dativus
781 2195 862 2247 recte
885 2205 918 2247 se
939 2183 1044 2261 hahct3
1076 2186 1168 2269 signi-

206 2288 275 2350 fieat
298 2285 376 2348 enim
399 2283 445 2347 lric
467 2285 594 2358 dativus,
617 2293 650 2346 ut
671 2283 854 2365 saepissime,
872 2293 1003 2366 propter
1018 2286 1165 2348 fortunas.

271 2384 305 2447 V.
328 2384 403 2450 982.
449 2381 644 2446 Schuetzius:
679 2381 832 2462 Sapienter
854 2383 983 2466 tragicus
1006 2385 1100 2446 semel
1120 2384 1167 2447 hic

203 2481 444 2565 ingemiscentem
469 2480 672 2544 Prometheum
695 2480 845 2555 ostendit,
877 2493 911 2543 ut
935 2482 1166 2564 magnitudinem

204 2582 337 2644 dolorum
358 2580 747 2660 animadvertatspcetator,
772 2579 821 2660 qni
842 2579 881 2651 ei,
905 2580 1039 2661 quamvis
1057 2581 1163 2654 invito,

204 2681 320 2742 tandem
344 2679 483 2760 gemitum
506 2676 728 2759 expresserint3
752 2676 779 2736 id
803 2679 878 2759 qnod
893 2678 969 2741 hanc
985 2679 1046 2742 vim
1065 2680 1162 2752 hahet,

203 2787 235 2837 ut
257 2775 346 2837 animi
368 2779 471 2851 robur,
495 2786 524 2838 et
545 2795 720 2858 generosum
740 2786 852 2856 neotus,
876 2777 952 2858 quod
972 2778 1064 2842 tantis
1080 2778 1164 2842 malis

202 2874 251 2936 ille
273 2884 419 2955 opponat,
442 2895 478 2936 co
499 2873 593 2955 tnagis
615 2874 785 2936 admiretur.

261 2972 297 3036 V.
322 2973 395 3036 983.
445 2973 487 3035 De
508 2972 563 3035 luae
592 2971 738 3035 sententia
757 2993 787 3035 v.
812 2971 914 3036 Valek.
938 2974 975 3037 ad
997 2973 1072 3039 Eur.
1095 2974 1162 3058 Hip-

200 3071 258 3155 pol.
289 3093 317 3155 p.
342 3072 414 3134 210.
439 3092 503 3154 sqq.

211 3172 213 3176 ’
262 3170 297 3232 V.
320 3170 392 3233 987.
448 3167 600 3233 Sententia
628 3179 691 3231 est:
722 3169 821 3229 Recte
859 3170 981 3246 dictati,
1010 3193 1059 3234 me
1086 3174 1163 3234 nteit

198 3288 304 3332 corum
332 3271 488 3331 dictorum
509 3288 589 3342 esse,
620 3288 700 3350 qaae
719 3267 844 3349 Jupiter
863 3289 1050 3348 cognoscere
1071 3273 1161 3343 oclit,·

198 3378 229 3431 et
252 3373 393 3452 profecto
414 3371 488 3450 ραίο
508 3370 644 3449 gratiam
665 3363 741 3428 Joot
759 3368 870 3443 deleo,
900 3388 970 3428 enm
982 3371 1055 3450 jam
1076 3379 1161 3431 retn-

197 3471 295 3531 lerz'm.
338 3466 543 3531 Germanicam
566 3464 790 3528 conversionem
813 3467 928 3548 corrige
948 3465 1008 3528 ita:
1032 3468 1163 3530 Diesecil

196 3570 245 3631 tels
267 3570 330 3630 ἰΙιοι
351 3567 556 3649 οονρςῖἰοήεοι,
578 3565 657 3627 zalul’
681 3563 729 3626 inlu
750 3563 812 3627 idm
832 3565 898 3626 den·
911 3565 1017 3626 Dant.
