2436 4116
218 269 263 332 m
286 262 492 332 ansonem
514 229 725 331 raomnrn.
751 270 886 333 vrscr.
958 275 1027 338 roc

59 434 235 518 ψοσέρωθεν
254 431 406 518 σλύττσντι
426 432 524 499 Schol.
544 434 577 497 B.
605 429 761 517 Ἀμψηιιις
778 432 820 514 δὲ,
840 434 870 512 ἐξ
890 437 1026 522 ἑκατέρου

61 534 171 615 μέρους
190 529 371 627 ἠνονημύνσν
391 533 488 616 βέλος·
513 529 710 619 ἢκερνννύς,
731 530 862 616 ἢξύφσς.
892 536 1022 625 Hesych.

61 630 154 717 Sepla.
178 631 228 716 Aj.
262 654 293 698 v.
312 632 385 698 286.
413 629 547 714 tappete
566 629 662 714 λαβὼν
683 633 774 718 lnce.
816 631 928 698 Noster
946 636 1024 702 inlra

56 751 92 795 v.
118 729 213 796 1046.
235 727 330 815 πυρὸς
349 727 489 813 ἀμφήκης
508 726 672 815 βόστρυχος.
715 731 857 796 Stimulos
880 735 910 798 h.
935 736 956 799 Ι.
982 735 1025 799 ti·

61 829 139 909 citur
166 830 322 914 ύίχιειινίε,
358 829 425 914 quia
455 850 568 893 summa
602 828 678 893 mala
706 843 915 914 exponuntur,
950 852 1025 916 qnae

62 928 193 992 animum
216 928 307 993 Chori
329 938 387 990 tom
406 926 598 991 vehementer
622 938 768 1010 tangunt,
789 939 822 993 ut
842 929 965 996 vulnere
988 934 1024 997 ab

61 1027 181 1113 ancipiti
202 1028 301 1104 ierro,
325 1026 399 1109 qood
421 1027 623 1090 acutissimum
646 1036 709 1102 est,
733 1027 881 1112 accepisse
903 1029 958 1093 sibi
980 1031 1024 1097 vi·

60 1128 176 1192 lectm.

120 1221 258 1307 ψύχειν
283 1220 412 1306 ψνχύν.
454 1219 561 1305 ψύχειν
593 1235 638 1290 est
666 1230 805 1310 spirare,
835 1227 915 1291 unde
942 1225 1024 1310 ψυχὴ

59 1329 199 1388 calmem
220 1335 302 1387 notat
322 1346 340 1388 a
361 1323 509 1408 spirando.
554 1325 666 1389 Deinde
682 1326 828 1411 significat
844 1323 949 1407 ψύχειν
963 1349 1025 1411 per

59 1427 202 1508 spiritum
223 1425 343 1508 aliquid
356 1425 516 1506 frigidum
530 1426 657 1506 facere,
674 1427 871 1508 frigefacere
890 1428 1022 1511 aliquid,

59 1535 91 1587 nt
118 1520 251 1606 loquitur
275 1521 370 1584 Plaut.
396 1521 530 1585 Pseudol.
556 1523 606 1598 tv,
629 1525 662 1599 7,
689 1525 758 1587 117.
804 1525 886 1586 Mller·
902 1548 1023 1610 qaoque
1137 1588 1141 1597 ,

60 1621 193 1706 aedepol
207 1621 400 1702 jamdudum
420 1623 473 1682 itte
498 1621 595 1704 δχνιιι
618 1643 672 1684 cor
688 1626 926 1706 perfrigesocit,
946 1625 967 1686 i.
991 1645 1018 1688 e.

57 1717 159 1801 ψυχὴν
185 1715 289 1800 ψύχει,
322 1731 354 1783 ut
377 1729 479 1783 nostro
503 1719 579 1783 loco.
623 1717 698 1782 Nam
721 1720 770 1804 qui
792 1720 860 1806 quil
882 1721 1021 1788 horribile

57 1816 199 1893 audiunt,
223 1817 333 1902 frigore
357 1819 480 1902 quolam
502 1817 609 1902 corripi
630 1818 739 1883 solent.

117 1915 155 1980 V.
179 1914 252 1978 697.
273 1940 277 1949 ·
302 1920 435 2000 πρᾶξιν
460 1939 477 1982 a
506 1915 704 2000 πρύσσειν,
732 1921 766 1980 r‘a
800 1921 904 2002 aliquo
932 1929 1019 1986 statu

57 2015 190 2090 carceri,
215 2009 267 2077 'vel
294 2006 327 2078 εύ
347 2016 515 2091 velocitate
535 2012 682 2100 νιρύσσειν.
725 2015 780 2079 Est
806 2017 897 2100 igitur
916 2024 1020 2104 πρᾶξις

56 2112 77 2177 i.
101 2133 131 2197 q.
147 2117 305 2195 fortuna,
327 2135 406 2178 sors.

114 2210 152 2276 V.
175 2212 249 2277 700.
294 2212 487 2276 Schuetzius:
515 2212 547 2275 Si
567 2211 681 2277 Chorus
701 2212 879 2296 reliquorum
899 2211 953 2277 lus
971 2214 1016 2278 in·

53 2310 251 2375 fortuniorum
278 2312 496 2375 enarrationem
534 2331 593 2373 non
616 2312 673 2375 alio
695 2302 834 2376 consilio⁸
849 2332 934 2394 quom
964 2334 1016 2377 atr·

53 2410 150 2473 dientli
172 2410 326 2494 cupiditate
348 2412 527 2494 flagitasset,
558 2410 704 2474 curiosior
731 2410 832 2495 ntique
853 2432 939 2493 qnam
961 2412 1015 2475 iro²

53 2508 170 2573 manior
197 2509 291 2572 videri
318 2509 476 2573 debuisset.
528 2509 628 2592 ltaque
654 2509 826 2594 tempestive
847 2510 893 2572 his
915 2511 1015 2577 verbis

53 2606 84 2670 in
98 2608 269 2672 memoriam
284 2608 312 2672 ei
326 2619 447 2673 revocat
461 2608 552 2690 ipsam
563 2609 617 2672 Jus
633 2608 801 2692 peritiorem
814 2630 845 2673 v.
860 2608 931 2673 686.
946 2629 1010 2694 sqq.

52 2707 212 2791 prolatam,
237 2709 362 2790 dumque
383 2717 498 2790 gratum
523 2727 590 2770 esse
612 2708 759 2792 aegrotis,
789 2706 891 2791 ecquid
911 2722 1014 2794 soper-

52 2806 92 2869 sit
112 2807 258 2883 dolorum,
280 2805 382 2870 audire
400 2805 590 2890 pronuntiat,'
604 2805 692 2870 simul
714 2826 746 2868 se
761 2827 820 2869 non
843 2827 897 2871 sna
918 2809 1013 2894 magis

51 2896 138 2989 qoam
159 2904 213 2968 los
238 2927 345 2971 caussa
367 2905 567 2970 narrationem
589 2904 664 2969 hanc
685 2924 847 2987 exposcere
869 2908 1009 2971 declarat.

115 3002 152 3064 V.
176 3003 250 3064 702.
294 3006 438 3086 χρείαν,
469 3012 522 3070 τοῦ
543 3001 668 3068 laceror
687 3009 741 3084 τῆς
758 3001 833 3079 Ἰοῦς
854 3004 952 3068 Schcl.
977 3007 1009 3068 B.

47 3099 132 3184 ’χρεία
153 3096 268 3178 proprie
291 3100 435 3180 significat
455 3124 564 3181 esem,
596 3103 700 3167 deinde
722 3122 802 3179 rem,
830 3123 906 3187 qnae
927 3103 1012 3168 nobis

48 3199 83 3262 in
109 3214 166 3257 usu
189 3203 235 3256 est
255 3203 286 3257 et
313 3215 399 3277 quam
422 3198 453 3260 in
476 3221 532 3264 usu
553 3202 660 3266 habere
681 3201 836 3274 rclnmus,
864 3201 886 3264 i.
907 3222 937 3286 q.
955 3191 1023 3288 χιοὲ4

49 3297 214 3359 slolctrem.
231 3288 455 3377 κἠνύσασθ’,
480 3300 564 3360 cotta
587 3305 781 3383 perfecistis,
810 3299 833 3362 i.
854 3319 884 3364 e.
908 3321 1012 3365 conse·

50 3391 133 3478 qunti
167 3391 257 3466 estis,
294 3390 483 3474 impetrastis.
535 3394 711 3464 ἐτελειύσαιε
740 3399 811 3464 ὅσον
840 3395 910 3481 παρ’
941 3399 1013 3478 ἐμοῦ

50 3491 151 3556 Schol.
176 3492 209 3556 B.
254 3491 285 3556 ld
308 3490 436 3555 (iliorum
454 3491 539 3555 facile
555 3494 672 3580 abipso
691 3498 864 3583 impetrasse
879 3495 921 3560 ait
943 3495 1013 3560 Pro·

91 3605 238 3644 arcemur
258 3605 457 3645 recurratur
476 3605 574 3646 rrrtcr.
767 3597 807 3659 14
