2436 4116
232 120 300 183 140
373 143 381 159 ’
546 115 870 178 COMMENTARIUS

196 318 199 323 ·
231 284 332 366 Cujus
356 301 471 349 momen
493 282 621 344 κνίσωσε
631 278 730 329 -’-
745 318 787 328 -
806 284 928 344 nomine
949 267 1116 364 multijugo
1137 266 1182 370 ιο·

228 393 282 447 tac
301 390 468 446 meatur
486 383 579 445 ordia.

288 481 326 546 V.
347 482 421 546 212.
473 477 552 545 κατ’
588 476 691 561 ίσχὺν
721 489 768 543 est
792 501 850 563 per
879 481 990 558 robur,
1017 501 1080 563 per
1104 482 1180 552 vinu

229 577 322 664 πρὸς
341 577 380 644 τό
401 578 581 665 καρτερόν
601 579 622 642 i.
643 600 671 662 q.
693 601 725 643 v.
740 579 814 642 208.
837 574 911 660 πρός
930 580 1008 659 βίαν,
1028 583 1062 642 ci
1072 582 1175 660 scota.

291 678 328 742 V.
349 680 423 743 213.
459 677 546 756 τοὺς
565 674 827 762 ὑπερσχόντας.
858 679 982 742 Personi
1002 679 1177 743 emendatio·

194 835 197 845 ,
229 800 297 844 nem
323 799 424 843 veram
447 779 539 857 duxi,
568 779 635 863 quia
656 777 740 840 facile
760 777 891 841 accidere
912 778 1025 862 potuit,
1055 790 1089 843 nt
1109 779 1175 842 haec

192 910 200 931 2-
229 876 333 943 aoristi
364 879 459 943 forma
491 880 526 943 ab
551 875 810 962 interpretantibus
835 875 963 940 librariis
991 878 1022 942 in
1049 881 1175 943 futurum

227 975 417 1061 ὑπερὲξοντας
459 980 508 1043 vel
543 977 575 1040 in
610 996 750 1062 praesens
785 971 973 1060 ὑπερέχοντας
1006 989 1172 1044 mutaretur.

170 1126 172 1131 .
228 1077 331 1161 Neque
352 1089 450 1140 tamen
467 1078 675 1162 permultorum
698 1075 836 1139 librorum
856 1075 1009 1141 lectionem
1030 1074 1174 1161 ὑπερέχω-

228 1202 290 1254 τας,
308 1199 328 1241 a
348 1176 519 1240 novissimis
542 1175 700 1239 editoribus
721 1185 878 1259 receptam,
901 1188 1018 1261 propter
1040 1197 1173 1241 numeros

228 1277 421 1361 spernendam
447 1295 514 1339 esse
541 1286 628 1360 put03
661 1274 734 1359 apud
763 1275 928 1360 Euripidem
961 1276 1039 1339 enim
1064 1275 1173 1359 saepius

227 1376 345 1462 jambus
356 1375 488 1452 solutus,
507 1383 648 1460 sequente
659 1375 799 1458 spondeo,
815 1376 970 1459 reperitur.
1003 1375 1051 1438 Sic
1067 1375 1172 1440 Pboou.

228 1498 261 1542 v.
281 1475 354 1539 477.
381 1471 453 1550 dorla
477 1472 546 1562 τῷδ’
578 1469 713 1536 ἀνάσσειν
737 1476 875 1556 πατρίδος
902 1475 1036 1537 ἐνιαυτοῦ
1063 1472 1173 1538 κὺκλον.

228 1598 260 1639 v.
284 1575 356 1639 503.
379 1570 433 1657 ἔχω’)
453 1571 507 1657 pico
530 1570 625 1649 οὐδὲν,
646 1578 744 1652 μῆτερ,
765 1568 941 1655 ἀποκρύψας
958 1575 1022 1656 ἐρῶ.
1064 1574 1174 1660 Neque,

229 1673 287 1737 nisi
309 1672 406 1748 fallor,
428 1674 502 1757 apud
519 1671 689 1756 Sophoclem
711 1671 798 1756 hujus
815 1673 930 1736 numeri
949 1674 1026 1736 nulla
1045 1673 1175 1759 exempla

225 1776 311 1838 sunt.
354 1771 500 1858 Aeschylo
527 1783 626 1835 tanoen
652 1771 747 1855 magis
768 1772 906 1837 convenit
925 1772 1056 1856 gravitas
1079 1793 1175 1836 nume·

229 1894 351 1949 rorum,
367 1871 471 1959 ⁴qualis
499 1881 560 1935 est:
596 1868 672 1935 ὑόλω
694 1870 726 1934 db
750 1868 819 1946 τοὺς
844 1867 1037 1955 ὑπερσχόντας
1056 1879 1174 1956 κρατεῖν.

228 1971 375 2058 Reisigins
396 1971 513 2036 videtur
532 1967 602 2045 τοὺς
620 1972 779 2054 πελωρίους
799 1971 980 2056 conjecisse,
1003 1971 1070 2055 quia
1091 1992 1175 2055 quum

227 2075 345 2138 varient
365 2071 482 2135 libriin
504 2073 595 2136 verbo
617 2067 765 2154 ὑπερέχειν
787 2071 864 2135 alind
884 2071 1070 2146 vocabulum,
1096 2072 1175 2155 cujus

171 2171 174 2187 '
227 2176 518 2259 interpretamentum
546 2164 693 2254 ὑπερέχειν
726 2170 783 2247 sit,
822 2171 891 2234 olim
920 2169 1057 2254 seriptum
1088 2171 1175 2235 fuisse

228 2275 356 2360 putabat·
399 2271 508 2336 Verum
536 2267 612 2356 δόλῳ
642 2267 767 2345 01τοος
791 2273 952 2353 πελωρίους
975 2279 1090 2352 κρατεῖν
1110 2269 1175 2333 mill

229 2376 266 2439 nd
287 2391 426 2437 numeros
447 2391 548 2454 parurn
568 2369 681 2453 plaeet3
704 2390 764 2433 non
781 2370 864 2434 enim'
879 2381 950 2435 sunt
963 2369 1041 2455 pleni
1057 2375 1087 2434 et
1107 2368 1175 2433 satis

229 2493 348 2558 graves.

292 2570 327 2635 V.
347 2568 421 2634 215.
472 2569 704 2649 προςβλὲψαι
736 2567 959 2651 υλ-όιποβλέψαι
987 2567 1103 2652 proprie
1132 2577 1177 2631 est

229 2673 405 2754 adspicere,
437 2667 539 2731 deinde
559 2673 729 2752 respicere,
751 2670 895 2735 rationem
917 2668 1040 2752 alicujus
1062 2667 1107 2730 rei
1128 2667 1175 2730 ba·

227 2775 309 2838 bere.
350 2767 425 2832 Nam
447 2767 473 2830 si
500 2767 566 2851 quis
585 2790 641 2832 nos
661 2768 800 2853 adspicit,
828 2769 953 2852 aliquam
975 2779 1109 2832 nostrum
1131 2787 1176 2829 ra·

226 2873 335 2937 tionem
356 2867 460 2931 babeat
480 2888 602 2931 necesse
623 2878 678 2932 est.

152 2974 155 2978 ’
229 3003 232 3011 ·
288 2971 325 3033 V.
347 2969 420 3033 216.
464 2964 643 3050 κράτιστα
664 2988 752 3051 supra
774 2989 805 3036 tt.
826 2966 898 3031 204.
922 2965 958 3030 τόν
976 2970 1078 3054 ’λῷστα
1097 2967 1176 3030 dixe·

226 3083 284 3138 rat.
327 3075 398 3133 τῶν
418 3063 658 3151 παρεστώτων
677 3063 760 3130 τότε
782 3066 803 3130 i.
828 3087 856 3130 e.
873 3071 1050 3150 praecentis
1076 3087 1176 3131 rerum

192 3242 195 3247 Δ
224 3183 345 3244 mnus,
372 3172 428 3232 der
454 3169 633 3251 domaligen
661 3167 877 3232 [ὑπείκουσα.
907 3166 1046 3253 Aeschyl.
1071 3168 1174 3250 Agant.

225 3295 256 3336 v.
281 3262 374 3338 1055.Ι
404 3265 441 3333 τόν
466 3274 560 3354 λῷστα
585 3275 644 3332 τῶν
669 3264 857 3350 παρεστώτων
884 3266 964 3350 λέχει.
1017 3266 1075 3330 Alii
1103 3265 1178 3329 male

226 3373 265 3447 de
284 3376 339 3444 iis,
370 3391 452 3454 quac
473 3379 549 3439 tuno
571 3372 603 3434 ic
623 3379 756 3432 mentem
777 3368 960 3442 veniebant,
983 3366 1178 3451 interpretan-
