2436 4116
263 111 309 173 ut
329 108 534 172 Ausculum
557 110 767 175 unctium.
794 113 931 178 VlNCT.
1003 121 1071 188 201
1139 143 1144 153 ’

179 274 317 342 10629.
360 273 809 361 μεγαίρω--δωρήματος,
829 285 938 360 φθονοῖ
959 293 1078 352 cortou

113 376 210 443 &rau
229 394 278 440 σοι
296 381 383 441 τοῦτο
402 376 502 443 schot
524 376 559 441 B.
584 414 587 419 ·
1038 440 1044 454 ‚

179 475 218 541 V.
241 475 314 543 630.
354 477 390 540 τί
413 477 503 557 δῆτα
523 477 680 557 μέλλεις,
701 476 730 539 cl
749 466 803 542 orio
822 474 985 572 ἀναβάλλῃ,
1013 485 1077 552 lacel

116 571 317 656 οὗοφθονεῖς,
335 572 376 650 ὥς
396 575 500 660 lipom
521 576 563 641 ld.

184 673 222 739 V.
245 675 335 739 631.“
362 672 595 758 φθόνοςμὲν
616 670 764 751 οὐδεὶς,
794 680 879 739 τοῦτο
897 678 997 765 λέγειν.
1030 683 1075 751 ld.
1111 704 1113 710 ·

118 773 220 841 ὀκνῶ
241 778 393 859 θρᾶξοι,
414 772 610 856 ἀναβάλλομαι
629 771 757 857 ταράξαι.
786 773 828 839 ld.

145 868 149 876 ¹
180 875 219 941 V·
242 875 315 940 632.
368 873 566 959 προκήδου
592 881 735 957 μᾶσσον
761 871 808 949 ὥς
843 875 928 956 ἐμοὶ
953 881 1078 963 γλυκύ.

119 973 168 1038 01.
198 975 304 1038 Matth.
336 975 388 1039 Gr.
418 976 471 1040 Gr.
502 997 542 1038 m.
571 973 1080 1057 §.56.p.166..§.450.1t.z.
1117 1002 1120 1009 '

118 1094 149 1158 p.
168 1073 263 1139 1014.
287 1071 327 1150 ὥς
347 1087 413 1159 post
433 1074 663 1160 comparativum
685 1094 737 1158 pro
757 1069 779 1154 ἢ
797 1073 903 1138 dictum
922 1099 1001 1155 esse,
1024 1083 1081 1147 mi.

119 1170 180 1237 rcti
211 1183 291 1237 sunt.
341 1173 405 1239 Noc
437 1175 551 1258 quidem
574 1172 741 1238 Germanioi
768 1173 857 1258 volgo
879 1180 934 1239 wie
957 1179 1081 1248 dicimus

120 1293 176 1357 pro
200 1273 248 1337 ale
274 1285 341 1358 post
366 1273 629 1359 comparationem,
659 1274 710 1337 sed
738 1295 775 1337 an
806 1275 860 1340 hoc
889 1279 924 1340 arl
950 1281 1082 1349 Graecos

124 1370 286 1455 pertineat,
308 1374 409 1437 'nullis
437 1373 557 1458 prolatis
585 1373 746 1458 exemplis,
775 1377 907 1464 dubitare
929 1379 1079 1448 (leheman.

126 1468 268 1549 Quocirca
295 1473 344 1538 alii
372 1473 430 1538 viri
451 1473 530 1563 docti
552 1469 573 1555 ἢ
596 1470 653 1549 ὥς,
682 1476 758 1557 quot
779 1475 889 1560 aliquot
907 1478 974 1542 libri
996 1484 1081 1549 exhi.

121 1571 214 1646 irent,
237 1594 289 1657 per
309 1572 460 1658 synicesin
481 1574 589 1639 lictum
610 1574 740 1639 scribere
761 1577 937 1655 voluerunt,
959 1581 1008 1646 alii
1029 1606 1084 1651 ex.

122 1669 280 1754 plicatione
299 1672 479 1739 scholiastae
500 1676 546 1753 0.,
573 1675 622 1759 qni
650 1686 716 1760 post
734 1683 845 1758 μᾶσσον
865 1679 978 1768 supplet
997 1679 1020 1765 ἢ
1039 1687 1088 1752 δεῖ

123 1779 155 1834 ct
175 1782 242 1855 post
259 1769 368 1856 ptumi:
396 1781 481 1837 τοῦτο
509 1782 630 1855 μαθεῖν,
658 1775 777 1858 probata
799 1777 965 1862 interpungi
982 1782 1084 1864 jusse-

122 1880 215 1934 ruula
244 1869 284 1952 μή
305 1897 362 1953 μου
384 1870 534 1955 προκήδου
560 1881 684 1955 μᾶσσον·
711 1869 752 1947 οἷς
772 1875 837 1954 ἐμοὶ
854 1875 960 1960 γλυκύ,
990 1892 1023 1944 ut
1044 1863 1085 1962 cip
1166 1872 1176 1884 ’

124 1989 195 2034 uam
217 1971 371 2057 significet.
423 1972 515 2053 Quam
534 1971 800 2058 interpunctionem
822 1993 877 2056 ego
900 1995 959 2037 non
979 1981 1084 2060 probo,

126 2084 216 2154 quum
251 2073 413 2136 orationem
444 2074 530 2137 valde
563 2070 729 2157 languidam
758 2073 869 2136 reddat.
924 2074 1085 2163 Elmslejnc

126 2170 272 2255 conjecit:
303 2169 456 2253 μοσσόνος
473 2168 493 2254 ἢ
510 2169 573 2253 'pol
590 2167 681 2254 γλυκὺ
688 2219 698 2249 ,
719 2193 797 2236 novo
819 2173 956 2238 adverbio
979 2197 1087 2244 secun·

109 2269 196 2353 xolum
222 2270 386 2355 analogiam
407 2293 467 2335 non
490 2272 564 2335 male
586 2272 671 2347 lieto;
703 2293 807 2337 verum
835 2272 905 2336 mihi
928 2273 999 2340 hacc
1020 2293 1087 2344 cor·

126 2369 243 2454 rigendi
262 2373 339 2436 ratio
361 2371 554 2436 audacissima
574 2372 701 2446 videtur,
726 2393 820 2456 neque
845 2372 998 2457 quidquam
1017 2399 1089 2462 prae

128 2490 163 2534 se
189 2473 247 2535 lert
273 2471 323 2536 illa
343 2473 531 2556 conjectura,
559 2493 615 2556 qua
637 2473 702 2556 ejus
723 2472 795 2536 fides
816 2474 965 2557 probetur.
1011 2479 1086 2546 Corn

128 2569 188 2635 illis
217 2572 308 2636 coel.
330 2573 478 2637 scrihere:
512 2579 623 2653 μᾶσσον
648 2568 669 2653 ἢ
697 2568 737 2647 ὥς
757 2558 845 2653 ἐμοὶ.
863 2575 959 2639 fateor
982 2577 1088 2646 dorum

128 2691 215 2744 esse,
240 2686 432 2757 quamquam,
455 2672 504 2757 qui
527 2673 613 2737 hodie
632 2673 782 2747 scribunt,
804 2671 931 2756 lingnam
955 2685 1012 2740 tarn
1036 2685 1089 2745 ne-

129 2770 276 2854 gligenter
296 2783 441 2847 tractant,
464 2783 497 2836 ut
517 2772 630 2848 multa,
650 2793 725 2856 quae
745 2771 832 2856 longe
851 2773 948 2837 ninus
968 2777 1090 2844 ferenda

132 2877 221 2940 sunt,
250 2869 414 2936 admittant.
463 2871 572 2936 Verum
594 2871 685 2948 vilic,
714 2882 748 2936 ut
768 2873 889 2956 opinor,
925 2873 993 2937 olim
1014 2875 1090 2940 ller-

130 2963 279 3040 mannns‘,
310 2986 399 3050 quum
429 2965 469 3041 cir
497 2972 548 3051 (ad
568 2971 634 3055 vig.
656 2993 684 3056 p.
705 2973 795 3050 720.)
819 2971 981 3054 explicaret¹
998 2973 1091 3053 οὕτως

132 3064 173 3143 ὥς
195 3066 259 3148 ἐμοὶ
278 3062 370 3151 γλυκύ
391 3066 460 3142 ἐστι,
480 3087 555 3149 qnae
574 3071 729 3154 explicatio
746 3070 962 3154 simplicissima
979 3084 1025 3136 est
1044 3085 1090 3137 at·
1135 3120 1138 3124 -

132 3189 191 3254 quc
210 3167 316 3251 cuique
336 3165 368 3228 in
388 3175 516 3228 mentem
537 3167 639 3243 venit,
668 3169 737 3251 qui,
768 3171 834 3234 dum
856 3168 945 3252 legit,
974 3193 1034 3235 non
1053 3194 1090 3238 eo

132 3268 233 3334 animo
248 3267 332 3351 legit,
345 3275 379 3328 nt
394 3263 565 3348 scriptorem
582 3265 721 3349 corrigat.
744 3267 807 3334 Nos
826 3267 967 3332 dicimus:
991 3270 1093 3356 Sorgc

127 3373 188 3454 sair
205 3371 287 3432 miolr
309 3368 395 3432 nicht
418 3367 576 3444 etcertcr,
603 3385 637 3429 οο
652 3369 714 3429 mic
734 3370 784 3431 c‘clr
804 3369 899 3431 cctbet
917 3376 1091 3452 wucoaclrc,
