2436 4116
128 281 231 419 eos
436 313 762 377 connnnrnnrns

128 485 165 549 de
185 473 320 568 Europa:
351 477 564 563 depoporploturv
585 479 630 544 tot
648 452 818 545 κνώσσουσα
841 475 1075 561 δόμοισιν.,1(1οιο

21 598 28 609 ’
125 579 274 665 θάλαμος,
296 580 374 646 unde
393 580 542 665 παρθένος
560 579 593 644 ἐκ
607 577 744 662 θαλάμου
761 577 783 663 οἱ
800 577 887 662 poiseo
903 578 1089 665 pppapdopf‘-

126 682 236 747 δοται.

189 780 228 846 V.
250 779 322 846 651.
364 778 544 864 Comparnnt
572 778 646 843 Eur.
668 777 780 843 Alcest.
812 800 844 842 v.
862 778 957 845 1092.
985 779 1016 843 τέ
1033 775 1075 857 d’;

127 877 164 945 οὗ
183 887 284 965 γαμεῖς
302 877 371 964 γὰρ,
393 875 464 944 teet
481 875 609 962 χηρεύεις
630 874 735 959 μόνος,·
755 876 839 961 Virg.
863 877 940 942 Aen.
960 877 1013 956 lV,
1027 879 1072 944 32

128 980 245 1044 Solum
259 988 414 1064 perpetuo
434 999 575 1042 moerens
595 998 723 1061 carpere
735 979 898 1060 juventu?
1070 1035 1073 1041 .

169 1079 207 1143 V.
229 1078 424 1143 652-653.
468 1078 595 1161 ἱμέρου
620 1077 719 1158 βέλει
746 1077 970 1140 τέθαλπται.
990 1075 1070 1140 -t’ro-

125 1179 189 1266 prie
215 1178 367 1242 dicendum
396 1178 467 1243 luite
503 1177 604 1260 ἱμέρου
638 1176 714 1257 βέλει
742 1176 891 1259 τέτρωται,
919 1176 970 1241 vel
996 1174 1071 1241 simili

125 1280 229 1343 verbo.
280 1276 320 1340 At
348 1276 454 1342 Graeci
483 1288 586 1361 poetae
611 1274 799 1361 saepissime,
831 1277 967 1362 neglecta
992 1287 1075 1340 meta·

125 1379 237 1463 phora,
263 1376 355 1439 verbo
377 1387 519 1452 utuntur,
547 1377 622 1460 qnod
642 1377 691 1441 vel
712 1377 797 1440 aliam
818 1376 980 1461 imaginem
1000 1375 1076 1440 exhi·

88 1510 90 1517 <
123 1480 174 1543 het
202 1475 250 1541 rel
279 1475 437 1560 simplicem
465 1497 584 1541 sensnm
607 1474 755 1559 exprimit.
797 1473 873 1540 Nam
895 1477 973 1560 quod
995 1475 1075 1560 rulgo

124 1579 262 1652 tradunt,
290 1574 487 1659 metaphoram
514 1597 574 1639 non
595 1575 760 1639 violandam
782 1596 870 1651 esse,
899 1577 1005 1661 regula
1024 1586 1074 1652 etl,

126 1700 202 1764 quae
228 1676 336 1740 multas
363 1674 552 1758 exemptiones
582 1674 716 1739 admittit.
768 1675 876 1740 Poetae
897 1676 1072 1751 conceditur,

124 1789 160 1842 nt
192 1775 355 1840 orationem
383 1785 526 1848 exornet,
567 1785 715 1858 utcunque
745 1774 772 1838 ei
802 1785 918 1857 gratnm
946 1776 1073 1852 videtum

126 1897 217 1961 quare
232 1875 387 1937 Pindarum
403 1873 603 1957 potissimum,
628 1873 677 1957 qui
693 1874 862 1939 sublimiore
880 1885 911 1938 et
926 1877 1076 1942 audaciore

37 2016 42 2024 ·
126 1972 273 2041 sermonis
294 1993 403 2055 genere
423 1984 583 2048 usnsest,
606 1972 722 2057 saepius
744 1995 830 2058 qnam
851 1973 927 2038 alios
948 1976 1075 2040 videmus

125 2077 161 2140 ah
185 2074 240 2138 hoc
261 2083 413 2157 praecepto
434 2071 607 2136 recessisse.
652 2072 682 2137 ld
704 2085 800 2138 autern
822 2085 979 2158 propterea
993 2074 1075 2140 tradi·

124 2187 187 2240 tum
203 2193 271 2238 esse
285 2172 414 2248 videtur,
436 2182 480 2244 nt,
503 2171 552 2255 qui
567 2171 725 2255 imaginem
743 2173 888 2251 adhibeat,
911 2197 978 2240 eam
996 2197 1075 2261 quam

124 2271 336 2360 perfectissime
359 2270 502 2347 illustret,
534 2292 644 2355 neque,
674 2273 699 2335 si
720 2273 794 2338 nolit
813 2275 1012 2360 metaphoram
1032 2297 1075 2341 ae·

125 2385 227 2440 curate
247 2369 403 2456 persequi,
431 2369 570 2434 scribenti
592 2369 722 2447 accidat,
749 2383 783 2437 ut
801 2374 899 2459 inepta
914 2360 999 2440 ‘voce
1017 2387 1075 2440 uta·

123 2485 183 2538 tur.
230 2471 305 2536 Nam
335 2491 520 2553 summopere
540 2471 701 2535 cavendum
723 2481 785 2545 est,
812 2493 870 2550 ne,
895 2473 922 2539 si
944 2475 1012 2560 quis
1029 2497 1074 2538 ne·

114 2573 214 2658 'gligat
236 2570 445 2654 metaphoram,
468 2571 504 2634 ah
525 2590 559 2633 ea
582 2571 724 2636 decedens
746 2572 886 2638 ridiculus
909 2574 972 2638 fiat.
997 2575 1033 2639 ll.
1053 2575 1071 2638 l.

123 2671 273 2755 aptissime
293 2670 399 2733 dietum
422 2679 490 2732 est:
512 2669 588 2751 βέλει
607 2671 781 2749 τέθαλπται,
804 2695 891 2757 quum
914 2675 950 2737 de
971 2673 1073 2738 amoris

122 2771 182 2836 telo
204 2790 302 2833 sermo
325 2766 376 2846 sit,
398 2789 450 2853 per
470 2770 544 2853 qnod
562 2771 721 2834 amantium
740 2773 830 2837 animi
847 2772 1071 2839 inflammantur.

186 2868 223 2933 V.
253 2869 325 2932 653.
387 2871 635 2952 ξυναίρεσθαι
673 2867 839 2955 Κύπριν,
880 2871 1074 2950 συνουσιάζειν

67 3034 74 3045 ,
124 2968 281 3034 scroth.
322 2967 441 3053 Proprie
474 2968 620 3051 significat
651 2969 721 3035 haec
753 2971 885 3056 phrasisz
929 2973 1072 3038 Venerem

121 3073 183 3134 st‘dt'
198 3069 371 3143 vindicare,
393 3066 422 3129 h.
446 3088 473 3131 e.
496 3067 612 3132 Venere
634 3069 691 3133 lrui
713 3072 800 3136 velle.

184 3168 221 3233 V·
240 3168 314 3233 654.
345 3163 608 3253 ἆτιολακτίσῃς,
624 3165 802 3259 ἆττορρέψῃς,
818 3167 960 3258 ἀτιμάσῃς
978 3170 1073 3236 Schol.

120 3268 155 3333 B.
180 3267 372 3333 Schuetzius:
400 3266 570 3349 Metaphora
593 3270 628 3331 ab
651 3291 726 3354 equo
749 3271 896 3345 calcihns,
926 3268 1075 3354 quaesibi

120 3369 255 3456 nocitura
282 3368 438 3441 videntur,
472 3367 629 3452 repellente
657 3370 746 3452 petita
768 3369 900 3454 graviter
921 3380 952 3433 et
974 3381 1076 3434 ornate

119 3469 266 3552 repulsam
288 3466 463 3552 pertinacem
485 3477 514 3530 et
528 3466 753 3551 ignominiosam
772 3468 918 3553 designat.
955 3466 1000 3547 uic
1018 3465 1073 3535 aot

119 3573 178 3637 seir
198 3564 312 3652 ἀλόγων
331 3562 411 3644 ζαέων
432 3565 530 3632 Schol.
554 3568 593 3632 A.
