2436 4116
141 335 207 399 138
454 329 780 393 COMMENTARIUS

135 501 209 574 θύας
234 497 331 584 positi.
375 494 413 560 V..
435 494 540 576 Mattlp.
569 496 623 560 Gr.
653 497 705 561 Gr.
739 521 779 560 m.
810 499 839 580 ξ.
862 497 936 563 311.
964 520 993 583 ρ.
1015 499 1088 564 776.

50 636 53 641 ·
136 599 245 663 Buttm.
268 597 321 661 Gr.
345 595 398 659 Gr.
423 596 499 660 merl.
521 596 551 678 §.
576 595 646 658 tes.
670 596 701 659 6.
726 617 756 659 u.
780 599 809 658 1.
834 619 862 681 p.
881 599 954 662 412.

163 780 166 788 Ι
197 697 234 764 V·
250 696 324 760 202.
360 697 488 775 δῆθεν,
503 697 629 758 scilicet.
650 694 733 759 Hanc
742 695 910 780 particulam
920 697 1088 781 plerumque

135 819 202 875 cum
229 792 270 871 οἷς
290 804 321 859 et
337 793 486 879 participio
503 794 690 878 conjunctam
707 794 819 860 ironiae
835 796 1086 879 aliquilsenteu·

134 897 193 961 tiae
209 896 326 970 attere,
348 891 517 959 observavit
534 893 732 969 Blomlieldus,
753 905 870 977 praeter
882 895 938 960 alia
955 896 1088 979 exemplo
1113 940 1118 951 =

135 1014 368 1061 commemorans
390 1015 422 1057 v.
438 991 511 1058 988.
537 989 727 1078 ἐκερτόμησας
747 995 842 1075 δῆθεν
862 992 902 1071 ὥς
921 992 1003 1059 παῖδ’
1019 993 1088 1058 ὄντα

133 1121 177 1179 με.
192 1082 237 1163 -J
253 1089 476 1175 τοῦμπαλιν·
497 1089 531 1156 τύ
552 1092 682 1156 ἔνοπλον
705 1092 803 1158 Schol.
826 1094 859 1158 Β.
878 1106 913 1158 et
935 1095 1064 1182 Hesych.

184 1194 232 1285 ¹V.
254 1192 328 1258 204.
371 1189 413 1255 τὰ
432 1197 564 1279 λῷστα,
589 1187 625 1255 τὰ
647 1190 777 1275 ὠφέλιμα
800 1194 898 1259 Schol.
922 1195 956 1259 B.
979 1193 1086 1276 συμφέ-

133 1306 243 1374 ροντα,
256 1290 358 1376 ύρνστα
378 1291 507 1378 llesych.
529 1297 638 1378 λῷστος
659 1293 690 1356 in
714 1293 768 1358 hoc
790 1314 881 1361 seusu
903 1294 1084 1378 frequentius

133 1395 188 1460 uici
211 1414 296 1478 quem
319 1388 432 1474 ύριστος
452 1389 658 1455 animadvertit
675 1394 869 1458 Blomlieldus.

195 1491 232 1557 V.
254 1490 327 1556 206.
371 1486 520 1572 ,αἱμύλος
563 1491 669 1574 Vescr.
698 1496 841 1571 ποικίλος,
862 1492 990 1572 πυκνὸς,
1013 1519 1083 1558 παν·

132 1596 254 1677 cippos,
282 1587 407 1674 δολερύς.
456 1589 553 1654 Schol.
584 1591 614 1654 in
640 1592 715 1656 Plat.
743 1594 788 1657 etl.
820 1594 938 1658 lluhnk.
976 1616 1003 1679 p.
1028 1595 1079 1659 59.

131 1696 254 1761 Videtur
274 1691 430 1754 formatum
451 1689 544 1754 fuisse
564 1692 600 1754 ab
620 1693 729 1772 αἵμων,
756 1697 874 1770 coiens,
902 1689 1082 1776 ὑποκοριστι-

130 1802 200 1871 κῶς,
220 1801 297 1855 teste
318 1789 445 1877 Etymol.
463 1790 504 1853 M.
529 1811 562 1874 p„
578 1791 632 1865 35,
647 1792 698 1855 26.
742 1791 921 1857 Diminutiva
941 1792 974 1856 iu
993 1799 1081 1868 ολος

131 1891 294 1960 desinentia
315 1889 421 1973 aliquid
440 1885 662 1973 circumplecteris
680 1889 712 1953 in
730 1910 763 1954 se
782 1891 901 1966 habent,
922 1888 1082 1973 υ1ἡδύλος

131 1997 167 2060 ab
182 1995 265 2076 ηὸος,
284 1986 423 2070 μικκύλος
439 2009 456 2053 a
473 1991 575 2070 μίκκος
591 1989 639 2053 vel
657 1985 769 2071 μικρὸς,
790 1989 931 2079 ἒρωτύλος
945 1993 981 2058 ab
999 1993 1079 2075 ἔρως,

130 2091 270 2177 ὀσμύλος,
297 2084 427 2164 αλσύλος,
455 2085 612 2169 Αἰσχύλος,
635 2086 792 2172 Χρεμύλος.
835 2091 941 2157 Forma
961 2093 1079 2158 Aeolica

128 2197 221 2262 fuisso
246 2191 381 2264 videtur,
414 2187 516 2272 quippe
543 2208 618 2272 quac
643 2188 674 2252 iu
702 2190 801 2275 lingua
827 2191 932 2257 Latina
961 2204 1078 2258 servata
1124 2272 1126 2277 y

128 2303 235 2369 tuerit,
256 2301 290 2355 ut
310 2289 344 2352 in
364 2285 544 2351 diminutivis
560 2291 730 2369 parvulas,
750 2293 913 2368 tremulus,
934 2295 1078 2376 globulus

128 2408 160 2462 et
185 2391 346 2465 similibus,
381 2408 416 2451 ae
441 2387 614 2477 pracsertim
642 2391 801 2466 aemulus,
832 2412 905 2475 quae
924 2414 987 2457 vox
1006 2393 1077 2456 nihil

127 2495 205 2562 aliud
233 2501 280 2556 cst
305 2508 391 2572 quam
419 2480 547 2565 αἱμύλος.
597 2485 704 2551 Omnes
731 2488 896 2572 hujusmodi
917 2513 1007 2556 voces
1029 2514 1077 2577 pa·

125 2603 293 2678 roxytonae
308 2596 396 2662 sunt,
419 2584 551 2668 exceptis
569 2594 681 2649 tautum
698 2583 800 2664 ύξνλος
820 2587 978 2666 οιἺτολος,
1000 2602 1076 2656 teste

127 2691 225 2757 Schol.
244 2686 393 2757 Theocrit.
410 2683 507 2777 111,7.
528 2694 558 2748 et
571 2704 673 2748 ornnes
692 2687 879 2769 penultimam
896 2689 1081 2774 corripiunt5-

124 2787 258 2879 producit
282 2796 379 2849 tamen
401 2782 586 2868 penultimam
608 2784 787 2869 retrahitque
807 2802 959 2853 accentum
972 2789 1076 2856 Ἵππο-

124 2902 175 2968 λος
199 2891 231 2954 in
259 2883 407 2968 Aristopt.
437 2882 525 2967 vesp.
548 2905 579 2947 v.
602 2884 672 2948 192.
694 2887 789 2949 καίτοι
815 2897 913 2974 παρῆν
931 2888 1073 2971 moveor,

118 2994 281 3070 Ἀντιφῶν,
310 2982 428 3048 Λύκων.
475 2980 530 3046 Sed
559 2981 599 3045 ibi
625 2982 778 3066 legendum
800 2999 847 3051 cst
872 2991 920 3055 vel
940 3002 1076 3078 παρῆσαν

122 3088 269 3165 immolor,
292 3085 340 3150 vel
360 3088 457 3166 παρῆν
467 3079 653 3155 Ἵππυλλος.“
683 3083 792 3148 Buone.

183 3189 220 3255 V.
244 3187 316 3252 208.
363 3183 464 3248 Utrum
491 3178 615 3262 ἀμοχθεὶ
641 3203 679 3246 au
700 3179 811 3265 ύμοχθὶ
830 3185 992 3262 scribatur,
1007 3188 1075 3256 'du-

121 3292 201 3358 bium
229 3296 286 3352 est.
330 3283 368 3349 V.
394 3282 494 3346 Herm.
521 3281 558 3345 ad
584 3281 671 3366 Soph.
694 3283 743 3367 Aj.
768 3305 799 3348 ν.
819 3285 911 3351 1206.
962 3290 1072 3355 liecen-

121 3393 213 3456 tiores
246 3409 287 3452 ex
310 3381 498 3448 similitudino
518 3380 640 3445 aliarum
661 3404 766 3448 vocum
788 3383 820 3448 in
841 3400 859 3448 t
878 3388 1074 3455 desinentium

121 3490 292 3576 praeierunt
319 3480 439 3564 ύμοχθλ.
481 3481 567 3545 Coni.
591 3482 694 3579 Blomi.
716 3486 760 3548 ad.
782 3484 812 3547 ir.
835 3485 856 3548 1.
886 3499 918 3552 et
938 3490 1075 3577 llartuug

122 3590 154 3653 in
175 3588 265 3653 libro:
298 3584 397 3685 Uclcr
416 3582 466 3647 clio
489 3586 610 3660 Cetea,
636 3606 664 3669 p.
686 3586 757 3652 213.
780 3605 844 3670 sqq.
892 3639 894 3645 .
