2436 4116
216 317 283 381 luo
449 348 451 353 ·
536 310 863 377 COMMENTARIUS

211 502 278 548 rum
307 499 415 545 soenue
443 477 552 543 loonrn.
601 479 684 545 Sient
711 480 789 545 enim
817 501 847 546 r.
870 481 902 544 2.
933 478 1074 565 xEteri-9219
1093 477 1173 564 οἶμος

214 584 310 647 dictos
340 590 405 645 erat
433 576 545 660 χθονός
566 576 711 664 τηλουρὸν
734 580 841 657 πέδον,
874 581 919 644 oio
947 581 977 644 h.
1003 582 1024 645 d.
1048 583 1173 668 Soythoe

216 682 348 747 ultimum
370 670 515 742 terrorum
537 699 619 742 orum
641 681 773 745 habitare
793 681 941 743 dicuntur.
985 682 1026 745 Et
1046 683 1115 765 quin
1135 682 1173 746 si·

214 781 276 846 mul
304 777 416 864 poiudie
439 778 594 842 Maeotidis
622 765 732 844 mentio
753 781 809 857 tit,
840 779 956 856 looum,
985 780 1036 844 uhi
1057 782 1173 846 Prome·

23 888 26 893 ’
156 929 158 932 -
215 881 316 945 theum
346 879 468 942 adfixum
488 872 563 943 *esse
591 879 676 962 tingit
704 878 887 965 Aeschylus,
921 880 996 943 haud
1019 882 1173 964 proculab

216 999 252 1044 en
273 975 404 1043 dhtuiese
420 977 602 1062 perspicuum
622 988 685 1054 ποις
707 977 830 1063 ideoque
848 978 874 1042 ei
894 981 992 1045 eedem
1010 977 1172 1042 Promethei

192 1090 194 1095 '
217 1078 311 1142 vineti
333 1076 411 1141 iuter
433 1076 645 1162 Borysthenem
668 1090 698 1142 et
719 1078 885 1165 Hypaonrin
905 1081 941 1143 ad
963 1079 1060 1142 sinum
1078 1076 1173 1142 Curui-

217 1177 331 1253 nitem,
354 1175 397 1241 eiu
419 1187 452 1239 nt
476 1176 599 1240 Pontum
618 1176 768 1242 Euxinum
791 1177 989 1262 prospiceret,
1013 1177 1107 1241 inisse
1126 1198 1172 1262 po·

218 1278 337 1352 nimus,
369 1276 498 1340 locorum
522 1276 616 1352 sitne,
650 1296 724 1359 quae
750 1277 798 1342 hio
826 1279 863 1341 eh
884 1276 1029 1363 Aeschylo
1051 1297 1173 1342 eommo-

219 1386 391 1451 mornntur,
424 1373 575 1459 aptissime
603 1375 782 1439 eonvenit.“
822 1376 968 1440 Sonuere.
1013 1375 1173 1460 Σκύθης

220 1472 371 1558 duitor,
395 1476 429 1537 οἳ
447 1473 468 1536 i.
489 1495 517 1538 e.
536 1476 567 1537 οί
582 1470 712 1550 Σκόθαο,
732 1478 763 1538 οἳ
775 1475 930 1539 notissime
946 1477 1172 1542 construetione.

218 1610 261 1623 ·-
279 1571 397 1656 πόρον
422 1573 570 1657 vulgatum
598 1595 654 1658 ego
683 1595 724 1638 ex
747 1575 872 1649 Butleri,
886 1576 1034 1640 sententia
1056 1576 1171 1650 retinui,

112 1671 114 1674 ’
219 1674 287 1759 quin
307 1671 399 1758 πόρος
416 1694 468 1756 pro
482 1670 560 1758 χόρα
577 1675 675 1737 rarius
694 1677 829 1757 usurpari
847 1674 936 1749 sodet,
961 1686 994 1738 nt
1010 1676 1072 1740 idu
1090 1677 1173 1741 dihre

217 1775 273 1838 riis
294 1773 325 1837 in
347 1769 437 1846 τόπος
458 1784 598 1838 mutatum
619 1795 687 1839 esse
703 1775 839 1838 oredihile
855 1773 904 1837 sit.
938 1775 985 1839 Cf.
1000 1777 1035 1839 ud
1054 1797 1086 1841 v.
1102 1777 1171 1842 281.

219 1872 319 1936 Schol.
345 1871 381 1934 A.
403 1867 498 1954 πόρον
518 1882 627 1938 tuetur.

281 1970 317 2034 V.
335 1971 409 2034 420.
444 1968 632 2055 Ἀραβίας.
663 1970 715 2034 Ηίο
733 1969 815 2036 loeus
833 1972 933 2036 multis
952 1973 1172 2039 dubitationibus

220 2069 380 2135 obnoxior·
424 2069 492 2135 Nou
519 2071 628 2156 injurie
651 2070 815 2156 interroget
835 2073 934 2136 Sohol.
962 2073 1012 2140 A:
1043 2081 1109 2150 πῶς
1126 2071 1173 2157 τὴν

215 2166 358 2253 Ἀραβίαν
389 2167 537 2259 Καυκάσῳ
564 2167 737 2258 ουνρίκισονς
767 2171 955 2236 Schuetzium
983 2171 1082 2256 degere
1102 2175 1172 2238 velie

221 2271 373 2350 Χαίοβίας
395 2290 483 2354 supra
505 2273 663 2336 notandum
687 2280 761 2334 erat.
799 2271 836 2332 V.
861 2271 984 2355 quaein
1004 2271 1172 2358 interprete·

219 2368 301 2432 tione
323 2367 410 2452 hujus
428 2371 595 2454 tragoediae
610 2369 784 2434 Germanioa
807 2372 851 2455 (ρ.
871 2373 940 2450 72.)
958 2372 1169 2436 adnotavimus.

218 2467 378 2532 Assentior
399 2467 476 2532 euim
497 2467 524 2532 J.
547 2469 584 2532 Η.
608 2468 729 2544 Vossio,
751 2469 800 2552 qui
821 2470 853 2533 in
875 2470 1022 2557 symbolis
1043 2473 1081 2536 nd
1102 2473 1171 2537 Gen·

85 2643 95 2651 ⁸
219 2565 368 2653 graphium
396 2577 550 2643 veterum,
578 2567 819 2652 Ephemeridihus
846 2569 923 2633 liter.
950 2569 1125 2636 tenensihus
1144 2593 1170 2634 e.

219 2666 312 2728 1805.
336 2664 479 2741 insertis,
507 2667 739 2744 demonstravit,
761 2679 880 2734 veteres
902 2671 938 2733 de
959 2669 1088 2735 Arnhine
1109 2671 1171 2735 sede

219 2764 342 2827 muitum
363 2763 442 2826 inter
463 2784 496 2828 se
518 2764 706 2831 dissensisse.
868 2766 886 2861 s

236 2851 239 2854 ¹
281 2861 316 2926 V.
339 2865 414 2928 42¹.
457 2860 491 2926 θ’
516 2867 559 2928 οἳ.
602 2865 747 2930 parumn
774 2866 964 2950 conjunctiva
986 2867 1113 2949 indicat,
1141 2870 1172 2933 de

216 2962 275 3028 edio
296 2963 401 3050 populo
423 2984 589 3053 sermonem
612 2966 699 3041 hsoe3
727 2966 781 3049 qui
798 2966 905 3042 fuerit,
929 2967 1096 3053 Aeschylus
1116 2988 1171 3032 uon

215 3063 305 3140 dioit,
337 3083 431 3147 neque
459 3065 539 3129 nidus
561 3064 753 3148 interpretum
780 3078 1000 3131 commemoret.
1056 3069 1184 3137 uenam,

216 3164 361 3246 quendem
390 3165 491 3228 urbem
513 3163 692 3247 significari,
724 3185 764 3228 ex
784 3161 1022 3251 ὑψίκρημνον
1049 3169 1171 3253 epitheto

214 3263 288 3337 sutis
308 3274 438 3348 apparet.
481 3266 632 3327 κατοικίαν
660 3269 714 3345 τῆς
740 3266 882 3346 Κολχίδος
908 3278 996 3332 vocat
1016 3268 1116 3332 schot.
1140 3269 1170 3332 Β.

211 3362 410 3438 Blomfleldus,
434 3361 576 3446 Elmsdejo
598 3373 729 3437 auctore,
752 3385 819 3428 oum
840 3366 945 3430 Bothio
966 3367 1056 3450 ejecit
1076 3393 1125 3446 τε,
1144 3377 1171 3431 ut

208 3461 323 3538 Arabes
352 3459 575 3546 intelliguntur,
605 3484 679 3548 quos
707 3473 807 3530 tomen
835 3465 890 3530 rix
911 3466 1048 3531 oredihiie
1069 3469 1169 3532 estun

168 3568 172 3587 ¹
208 3558 360 3647 Aesohylo
386 3562 425 3628 od
452 3561 617 3630 Gonousonn
646 3563 742 3651 ipson
777 3564 944 3647 hehitanteo
971 3566 1066 3632 dioton
1095 3587 1169 3633 esne.
