2436 4116
131 287 199 351 ιιι
445 263 771 346 conmonuemus
901 253 904 257 ’

129 436 295 535 Stantcjus
326 453 456 515 λοπιίπὶι
479 443 638 534 judicium
660 451 885 517 muccosum
940 451 1083 536 Equidem

127 553 289 625 existumo,
313 550 495 615 Scholiastcn
516 572 577 614 non
597 571 728 628 errasse,
753 549 780 616 si
798 548 857 615 boc
877 549 1000 629 dixerit,
1023 574 1082 617 non

127 663 163 719 ut
182 649 321 735 Aeschyli
341 671 507 715 sermonem
527 649 772 735 reprehenderet,
801 651 853 715 sed
874 661 907 715 ut
927 650 1013 735 lovis
1034 673 1083 717 ee·

125 772 272 837 rumque,
293 748 342 834 qui
361 751 398 814 ob
417 750 483 834 ejus
502 750 632 835 portibus
653 751 783 827 stabunt,
803 738 1089 838 magniloquentiam¹

128 861 256 918 notaret.
301 849 379 914 tinec
396 847 475 913 euim
495 852 624 934 protecto
644 849 700 914 ista
720 849 854 931 oratione
873 851 1061 936 exprimitur.

191 950 229 1018 V·
254 949 305 1015 13.
347 946 483 1013 κούδὲν
511 945 680 1030 ἐμποδών
711 951 765 1013 ἔτι
795 971 839 1015 sc.
869 957 968 1039 σφῷν,
991 950 1031 1016 h.
1055 972 1080 1016 ο.

126 1073 228 1138 neque
254 1051 421 1135 quidquam
446 1051 579 1132 crepitus
604 1050 687 1113 vebis
708 1051 895 1134 antepedes
914 1061 980 1130 est,
1010 1051 1080 1116 nibil

125 1152 271 1237 reliquum
290 1148 375 1215 vobis
397 1156 443 1212 est
462 1147 498 1212 nd
521 1148 675 1232 egendum.
711 1149 800 1219 ⁴hlium
819 1148 851 1215 ἐν
870 1151 958 1214 ποσὶν
976 1150 1081 1216 dicitur

127 1265 159 1318 et
179 1252 285 1317 Tbem.
306 1249 349 1314 M.
372 1243 506 1331 ἐμποδὼν
524 1248 750 1333 interpretetur:
777 1245 813 1312 ch
833 1249 865 1314 ἒν
884 1251 980 1314 ποσίν.
1109 1258 1112 1265 ’

187 1351 225 1416 V.
249 1352 300 1414 15.
344 1345 521 1432 φάραγγι.
563 1346 679 1433 φάραγξ
699 1348 729 1412 b.
753 1347 774 1412 l.
798 1369 892 1433 neque
910 1349 1080 1415 barathrum

70 1531 72 1533 Ι
127 1470 223 1536 neque
251 1446 423 1530 νοτσςίοοιο
449 1456 500 1509 unt
528 1445 637 1511 hiatum
659 1459 710 1513 cut
730 1448 892 1514 convallem
913 1469 1001 1526 esse,
1030 1449 1079 1514 sed

44 1612 49 1621 ,
126 1569 297 1616 cucumim
316 1550 477 1609 α’παοεαπι
495 1548 529 1608 in
547 1568 625 1631 rupe
644 1568 817 1626 recessum,
847 1549 1078 1635 prominentibus

126 1672 144 1716 e
164 1648 316 1734 superiore
336 1655 417 1730 porte
435 1644 576 1729 scopulis,
599 1645 675 1710 inira
691 1659 788 1713 nutem
809 1660 1001 1733 procurrente
1016 1671 1079 1716 ere·

125 1746 223 1837 pidiue
244 1747 301 1811 latu
323 1755 354 1808 et
374 1744 478 1829 plene,
508 1756 587 1808 recte
608 1745 721 1809 monuit
735 1746 927 1813 -Schuetzins
972 1752 1079 1833 ccepti·

125 1872 213 1932 μερος
240 1854 364 1909 vocatur
390 1843 461 1906 hoec
489 1840 620 1927 φάραγξ,
651 1845 727 1927 quod
753 1844 851 1909 Schol.
875 1847 909 1910 Β.
932 1852 1076 1935 explicat:

125 1944 221 2031 κακὴν
240 1946 343 2028 ἔχουσα
361 1947 496 2025 χειμῶνα,
518 1937 568 2006 διὰ
586 1938 620 2007 τὸ
635 1943 708 2024 χλονι
723 1940 769 2007 ἀεὶ
784 1941 989 2013 καλύπτεσθαι.
1029 1952 1079 2016 ln·

125 2049 173 2113 fra
198 2067 230 2111 v.
252 2044 324 2109 561.
351 2048 476 2125 χαλινοῖς
493 2042 527 2106 ἐν
546 2044 719 2125 πετρίνοισιν
737 2041 938 2126 χειμαζόμενον
958 2047 1080 2116 Promo·

124 2148 225 2228 tbeum
245 2143 315 2210 dicit
333 2142 378 2207 Jo.
396 2141 564 2227 Frigoribus
587 2142 716 2208 bibernis
733 2165 769 2208 ec
790 2145 1008 2230 tempestatibus
1029 2172 1080 2234 po·

125 2247 272 2314 tissimum
288 2266 305 2308 o
327 2242 417 2306 moris
434 2241 544 2307 vicinio
565 2244 693 2308 subortis
713 2243 848 2312 intestam
865 2267 967 2332 rupem
985 2249 1078 2316 fnisse

125 2341 417 2434 putat.Scbuetzius.
636 2406 641 2412 ,
889 2422 892 2427 ¹
919 2354 922 2389 ἓ

189 2446 225 2510 V.
246 2445 294 2509 16.
323 2439 460 2524 τόλμαν
475 2447 632 2524 σχεθεῖν,
653 2443 826 2528 ἐπιχείρησιν
839 2444 913 2527 ἔχειν
927 2446 1026 2513 Sobel.
1042 2449 1074 2514 B.

107 2576 110 2581 ’
187 2546 224 2611 V.
242 2544 293 2607 17.
316 2537 542 2621 ἐξωριάζειν,
563 2538 670 2606 ἄθετον
688 2544 739 2607 καὶ
758 2544 812 2621 ἔξω
831 2542 909 2629 ὥρας
925 2550 976 2613 καὶ
989 2575 1076 2634 φρον-

124 2645 206 2718 τίδος
232 2647 383 2705 ποιεῖσθαι
411 2638 508 2703 Sobel.
538 2640 570 2705 B.
598 2641 762 2729 Hesychius
791 2655 821 2708 et
841 2646 962 2713 Photius
988 2672 1075 2734 quum

124 2737 288 2824 εὗωριᾶζειν
303 2737 433 2802 scribunt
447 2749 478 2803 et
493 2734 651 2825 ὀλιγωρεῖν,
672 2738 880 2826 ἀφροντιστεῖν,
900 2748 1075 2833 παρακούειν

124 2839 292 2923 explicent,
319 2839 500 2904 Btomfieldus
526 2853 760 2925 consequutus,
787 2843 928 2911 librorum
947 2851 1075 2916 auctori·

123 2926 185 3004 tube
206 2939 386 3025 posthabito,
409 2939 464 3004 hoc
485 2939 674 3025 compositum
696 2941 816 3024 recepit.

185 3039 223 3104 V.
248 3043 298 3108 18.
342 3047 395 3116 τᾶς
409 3047 523 3104 -παῖ,
564 3039 734 3112 „Hesiodus
759 3041 960 3112 Prometheum
982 3048 1074 3135 Jepeti

121 3145 153 3200 et
180 3138 356 3226 Clymenes3
385 3140 578 3226 Apollodorus
604 3137 698 3222 Jcpeti
725 3150 756 3203 ct
775 3141 881 3221 Asiue3
909 3147 1072 3236 Aeschylus

121 3246 238 3314 eutem,
262 3255 344 3327 petre
366 3262 425 3304 uon
448 3238 614 3313 nominato,
636 3239 783 3304 Themidis
805 3243 894 3307 filium
917 3248 997 3312 fecit.
1027 3247 1073 3333 ὀρ
1110 3264 1112 3268 ·

118 3330 271 3418 θόβονλος
294 3354 392 3408 nutem
425 3351 548 3406 vocetur
573 3337 708 3418 Themis,
739 3341 816 3406 sicut
840 3341 980 3425 εὔβουλος
1000 3349 1074 3434 aput

118 3429 240 3502 Pindnr.
272 3443 374 3508 lsthm.
397 3439 563 3519 1111165,
589 3439 656 3524 quio
673 3441 807 3525 justitiae
827 3455 858 3509 et
878 3444 941 3528 juri
964 3448 1074 3530 pracsi-

117 3527 202 3609 dere,
225 3538 287 3608 imo
308 3545 400 3630 ipsum
419 3543 471 3630 jus
490 3552 522 3608 et
541 3542 587 3607 us
608 3561 676 3608 csse
696 3541 873 3628 perbihetur.
894 3545 1074 3633 Ιαἰπυρήτρς
