2436 4116
260 317 309 377 nu
330 315 532 379 ansanum
556 315 765 390 raumara
790 315 925 397 cmm.
1007 272 1086 383 rso

182 480 222 547 V.
244 481 442 547 209-210·
489 480 681 562 Θέμις.καὶ
701 487 808 559 Γαῖα,
834 486 979 546 πολλῶν
999 478 1074 546 dan·

120 579 241 666 pairac
261 577 383 663 μορφὴ
405 583 479 663 μία.
522 580 702 645 Scholiaslae
723 580 777 646 hos
798 579 962 647 uersiculos
983 580 1075 647 intur

118 691 292 768 proluatur,
322 680 446 745 Themin
474 691 505 746 cd
530 681 652 745 Terram
682 701 770 757 unam
792 681 970 765 eandemque
991 681 1074 747 deam

119 801 201 856 usse,
222 789 253 845 el
273 779 397 851 Themin
418 781 529 848 Terrae
549 801 664 864 quoque
684 780 975 867 nomiue‘appellar13
998 782 1075 850 rele-
1126 812 1129 823 ·

117 889 247 964 rnnlpue
265 877 318 961 οὐχ
339 879 416 957 ἅπαξ
435 878 526 962 μόνον
543 883 579 945 ad
600 902 718 956 nomen,
743 884 788 944 sio
807 902 871 944 noa
889 883 986 944 semol
1004 889 1075 945 tun·

117 989 186 1045 lum
207 982 363 1063 appellari
380 979 464 1044 illast
495 982 571 1064 qnod
592 981 707 1064 quidem
727 979 880 1056 ridiculum
902 991 966 1062 cst,
987 992 1074 1066 alque

118 1075 171 1162 adp
191 1076 268 1156 ἅπαξ
288 1076 381 1161 μόνον
399 1101 464 1151 cum
483 1076 724 1164 προῦτεθεσπίκει
740 1080 976 1164 conjungendum
992 1102 1073 1160 esse,

117 1199 168 1243 res
199 1177 263 1262 ipsa
292 1178 389 1244 docel.
449 1178 559 1245 Verum
588 1181 623 1245 de
654 1201 690 1245 eo
719 1179 883 1255 dubitatur,
916 1192 1013 1245 ulrum
1044 1193 1076 1247 el

118 1278 213 1343 Terra
223 1288 347 1343 vocetur
357 1278 521 1343 Promethei
531 1290 639 1355 mater,
662 1300 700 1343 an
711 1279 774 1344 sola
785 1279 916 1344 Themis.
945 1280 1075 1377 Schw-

118 1377 186 1443 nins
206 1387 360 1463 propterea
373 1395 492 1443 versum
514 1378 565 1442 acl
584 1379 770 1460 Γαῖα-μία
788 1377 960 1463 ejiciendum
980 1380 1075 1466 suspi-

119 1489 205 1545 catus
220 1488 277 1542 cst.
317 1478 431 1542 Dieilnr
446 1479 559 1564 quidem
577 1478 668 1542 Terra
684 1483 798 1542 πολλῶν
813 1475 962 1560 ὀνομάτων
975 1478 1074 1564 μορφὴ

119 1580 183 1661 pla,
205 1586 235 1642 ct
249 1577 426 1660 interpretes
440 1577 551 1664 aliquot
566 1577 647 1643 locos
665 1590 906 1656 commemorant,
928 1579 977 1643 uhi
999 1585 1076 1646 Γαῖα

120 1679 221 1744 eadem
249 1687 280 1742 el
304 1672 402 1741 Ἑστία
423 1687 453 1742 et
473 1670 614 1761 Δημήτηρ
635 1679 804 1762 appellatur.
847 1680 873 1742 Ε
900 1679 1005 1762 quihus
1025 1702 1075 1766 ap·

120 1787 222 1864 pared,
243 1774 325 1840 varia
347 1776 466 1842 nomina
486 1777 608 1842 Terram
629 1778 786 1854 hahuisse3
809 1788 840 1843 al
862 1778 958 1845 nullus
980 1781 1075 1845 adfer·

120 1889 170 1943 lor
195 1877 298 1953 heus,
325 1875 374 1941 uhi
394 1876 512 1942 Themis
534 1877 646 1942 dioalur
665 1878 757 1963 Terra
779 1888 810 1943 el
829 1879 921 1945 Terra
941 1879 1072 1945 Themis.
1113 1925 1117 1937 .

121 1976 302 2062 Quapropter
315 1975 485 2042 incredibile
502 1989 557 2052 ost,
576 1976 700 2041 Themin
717 1978 753 2041 ah
773 1977 919 2062 Aeschylo
936 1979 991 2044 hoo
1008 1979 1074 2045 loco

120 2076 177 2148 diei
196 2077 332 2153 Terram,
354 2087 384 2142 cl
404 2077 472 2160 quia
495 2075 566 2140 nulli
588 2075 638 2138 olii
657 2086 794 2140 auclores
816 2076 860 2141 sie
880 2078 1073 2162 appellarunt,
1212 2101 1214 2106 ·

120 2188 151 2242 el
179 2175 247 2262 quia
267 2175 431 2260 Aeschylus
452 2175 484 2240 in
513 2174 654 2259 principio
675 2175 868 2239 Eumenidum
891 2176 999 2239 diserte
1019 2175 1073 2253 ail,

120 2275 245 2343 Themin
266 2297 333 2341 esse
357 2276 444 2341 liliam
466 2275 589 2348 Terrae,
610 2273 755 2357 manrique
776 2274 957 2341 successisse
967 2273 1006 2365 in
1024 2276 1075 2339 ad-

119 2376 315 2442 ministrando
336 2376 475 2453 oraculo,
496 2384 527 2439 et
545 2375 622 2439 infra
638 2397 670 2440 v.
686 2374 759 2440 876.
805 2373 995 2439 Prometheus
1013 2397 1076 2440 ma·
1114 2459 1117 2463 ι

119 2487 196 2542 lrem
221 2475 345 2540 Themin
372 2474 506 2564 Titanida
533 2486 631 2539 vocat.
686 2472 836 2539 Tilaniden
874 2485 972 2544 aulem
1005 2495 1076 2554 sunt

122 2577 204 2642 Coeli
224 2588 255 2642 el
275 2576 386 2641 Terrae
394 2576 501 2651 =filia03
523 2575 725 2660 quareTerra
747 2596 805 2640 non
828 2583 928 2660 possed
948 2574 1011 2657 ipsa
1026 2574 1076 2639 Ti·

121 2676 199 2741 tanis
228 2674 382 2741 nominari.
429 2677 558 2741 Auctore
579 2676 753 2760 Apollodoro
769 2676 853 2758 ‘haee
874 2686 945 2740 sunt
964 2673 1075 2740 Tilani·

121 2777 200 2840 dum¹
218 2775 354 2841 nomina:
392 2776 524 2862 Thetys,
555 2775 655 2851 Rhea,
694 2775 832 2851 Themis,
868 2776 1074 2862 Mnemosyne,

121 2874 256 2952 Phoebe,
286 2877 376 2942 Thea.
427 2876 507 2956 Quae
528 2897 616 2959 quum
637 2873 677 2938 ila
699 2896 732 2939 se
752 2875 899 2950 habeant,
924 2875 994 2940 mihi
1016 2897 1078 2940 non
1141 2927 1147 2933 .

121 2974 309 3040 dubitandum
331 2978 466 3051 videtur,
490 2975 560 3063 quin
582 2974 701 3039 Themis
722 2986 752 3040 cl
772 2977 865 3041 Terra
885 2976 940 3039 hoc
961 2996 1077 3058 quoque

120 3075 188 3137 loco
210 3071 289 3133 inlor
309 3094 341 3136 se
363 3076 597 3160 distinguantur,
623 3085 662 3145 ul
682 3074 732 3140 illa
754 3075 793 3140 sit
813 3088 908 3141 mahar
928 3074 1077 3139 Themidis

120 3169 345 3253 Prometheique
375 3172 461 3248 avia,
497 3175 616 3240 Themis
649 3187 745 3240 autem
776 3187 872 3241 malcr
897 3173 1074 3238 Promelhci.

121 3273 210 3337 Conf.
234 3290 308 3353 quae
325 3271 361 3334 ad
379 3271 628 3354 inlerprelalionis
645 3275 837 3344 Germanicae
859 3277 904 3354 (o
922 3273 974 3336 66.
995 3276 1077 3355 sqq.)

120 3373 199 3439 huno
219 3371 315 3435 locum
332 3371 547 3442 adnotavimus.
591 3373 776 3439 Blomheldus
792 3396 858 3439 oum
874 3371 921 3437 his
938 3370 1077 3456 Aeschyli

120 3473 219 3539 verbis
241 3473 357 3537 confert
372 3469 487 3555 Apulej.
510 3470 583 3535 Mel.
603 3471 659 3536 Xl.
678 3493 706 3556 p.
724 3473 795 3538 269.
812 3469 1075 3545 θὼΕΙωουΙιοτει.
