2436 4116
140 313 209 374 roe
282 358 287 365 .
457 264 783 372 commun-ramus

119 476 209 542 >vela
237 475 376 539 ataerker
396 476 429 536 ia
446 473 518 535 dem
535 472 650 548 Gradu,
672 479 729 538 wr'e
746 477 795 541 tela
810 476 906 539 setta
921 479 1085 540 wuemelte.

136 576 235 642 Nolim
258 576 444 638 Hermannus
476 574 511 637 ab
538 572 595 637 ista
618 595 673 639 sua
691 575 934 660 interpretatione
954 576 1084 640 discedat.

135 675 293 759 Exempla,
314 694 390 758 qnae
408 692 530 757 prorsas
544 671 599 736 huc
617 675 876 749 fermententur,
894 675 982 739 affert
994 675 1087 740 Mattlr.

136 799 165 861 p.
188 775 301 850 1018..
334 772 385 838 ubi
413 773 485 835 duas
516 774 752 838 constructiones
779 773 811 836 in
837 796 925 838 unam
954 775 1086 839 conllatm

100 892 103 898 ’
136 883 324 958 essepntat.
367 872 441 936 Plat.
465 871 549 956 apol.
577 872 609 936 S.
634 895 661 958 p.
675 873 733 936 36.
764 871 895 945 metr
917 864 1001 952 ἔσθ’,
1028 873 1085 939 ὅτι

134 982 244 1057 μᾶλλον
268 973 370 1058 πρέπει
391 970 497 1046 οὕτως,
529 969 569 1046 ὥς
588 969 640 1035 τὸν
659 979 791 1036 τοιοῦτον
811 970 905 1056 irione
925 974 957 1038 ἐν
980 979 1083 1058 Ilprnu·

134 1079 203 1163 νείῳ
230 1081 381 1138 σιτεῖσθαι.
423 1072 529 1157 Lysias
561 1093 588 1156 p.
615 1071 687 1148 109,
711 1075 765 1138 21.
794 1068 957 1157 ἡγούμενος
987 1080 1080 1156 μᾶλλον

12 1203 16 1211 ’
133 1179 271 1262 λέγεσθαι
291 1173 331 1249 ὥς
351 1196 401 1254 μοι
419 1178 571 1255 aperuisse.
668 1220 671 1227 .

132 1320 135 1325 -
195 1275 232 1340 V.
255 1274 327 1337 634.
373 1272 566 1336 Schuetzins=
589 1268 671 1350 Quod
693 1270 723 1334 h.
744 1271 764 1334 l.
789 1271 906 1337 Chorus
926 1272 1082 1338 Promethei

133 1373 332 1438 narrationem
361 1373 543 1456 interpellat,
574 1382 604 1434 ει
629 1371 683 1434 Jus
711 1371 748 1433 de
775 1371 889 1436 caussis
920 1364 1018 1437 morli
1043 1372 1082 1436 sui

134 1473 335 1537 narrationem
363 1471 513 1556 exposcit,
552 1477 613 1533 non
640 1471 735 1534 solum
762 1473 798 1536 ab
826 1474 893 1557 ejus
920 1472 1081 1538 curiositate

132 1574 260 1637 alienum
283 1582 427 1645 nonest,
456 1571 508 1634 sed
535 1571 623 1633 etiam
644 1571 680 1634 ad
699 1571 872 1647 variandam
893 1572 1003 1658 dialogi
1025 1592 1081 1636 eur·

132 1695 197 1738 snm
219 1672 302 1749 ntilc,
324 1693 362 1735 ne
374 1673 459 1734 torte
477 1670 579 1734 eadem
599 1690 723 1752 persona
743 1672 852 1736 diutins
872 1673 1079 1738 sermocinante

128 1773 274 1838 auditoris
294 1770 418 1835 attentio
439 1769 654 1852 languesceret.

194 1871 230 1936 V·
254 1871 326 1935 638.
369 1865 576 1952 ὑπουργεῖν
590 1871 647 1932 τινί
662 1894 689 1932 τι
705 1878 751 1932 εει
767 1871 887 1952 alpuid
899 1873 934 1935 a‘a
952 1873 1079 1956 attonjrr

128 1975 267 2058 gratiam
279 1973 412 2052 socere3
432 1968 531 2053 itaque
552 1990 659 2033 sensus
679 1980 741 2032 εει.
776 1980 866 2032 tuum
885 1979 936 2033 est
958 1968 1079 2054 (niolo

128 2097 183 2157 pov
209 2069 314 2149 ἐστὶν),
345 2072 408 2134 illae
437 2090 551 2132 morem
577 2091 687 2153 gerere
707 2079 738 2132 et
756 2073 893 2154 gratiam
912 2080 1078 2178 praestare.

128 2195 224 2258 quom
252 2173 308 2235 aba
333 2179 365 2232 te
383 2159 508 2254 petunt
553 2170 626 2233 Eur.
655 2168 767 2232 Alcest.
789 2168 863 2232 857.
894 2151 1076 2261 Ἀδμήτφθ

128 2267 415 2356 ὑπουργῆσαιχάριν.
450 2270 589 2335 Herodot.
604 2269 681 2345 Vlll,
696 2269 765 2337 143
783 2266 890 2350 χρηστὰ
906 2268 1076 2360 ὑπουργέειν

193 2374 229 2436 V.
251 2371 324 2435 639.
368 2367 484 2445 ἄλλως
510 2395 546 2434 τε
574 2366 717 2443 πάντως
743 2369 820 2447 καὶ,
844 2392 942 2453 quum
961 2376 1001 2437 ab
1022 2375 1077 2437 εἰεί

124 2485 196 2537 tum
216 2476 299 2556 quia.
340 2468 386 2534 ὅτι
405 2472 451 2533 δεῖ
468 2471 628 2534 πείθεσθαι
649 2477 710 2542 τοῖς
731 2466 880 2533 κελεύουσι
900 2469 977 2554 lipari
996 2470 1076 2557 βάρος

122 2571 290 2656 προςφὲρει.
330 2569 364 2634 τὸ
391 2569 424 2632 δὲ
445 2564 630 2654 κασιγνήταις
649 2564 757 2651 πατρὸς
776 2569 884 2654 λέγειν,
910 2571 1012 2656 ἐπειδὴ
1032 2565 1075 2637 nl

125 2696 175 2734 ται
195 2670 245 2750 μὲν
267 2671 416 2751 Νηρηΐδες
434 2661 528 2750 ἦσαν,
555 2666 572 2732 ὁ
594 2667 626 2730 tt
645 2664 739 2751 πατὴρ
760 2666 980 2752 αὗνῆςἼνειχος
998 2670 1074 2737 actu·

125 2767 325 2852 poc'ltppoog.
363 2768 461 2832 Schol.
481 2769 514 2832 B.
539 2768 690 2845 „lnaehus
707 2769 760 2832 lus
776 2779 869 2852 pater,
893 2770 973 2837 sicut
991 2771 1074 2839 omni·

121 2893 165 2935 no
192 2867 311 2931 llumina
332 2868 462 2952 reliqua,
490 2868 599 2933 Oceani
625 2878 655 2931 ει
674 2868 804 2956 Tethyos
825 2868 903 2934 tilius
925 2885 1002 2939 erat.
1032 2871 1072 2936 ct.

126 2970 246 3037 Hesioil.
270 2968 294 3032 Γ
297 2967 380 3050 heog
404 2990 435 3031 v.
457 2968 529 3031 336.
554 2977 647 3052 sqqf‘
680 2968 823 3032 Scnnnrz.

120 3069 223 3132 V.
244 3068 354 3131 640-
368 3065 440 3129 642.
485 3067 637 3132 Sententia
655 3079 720 3132 est:
750 3067 838 3131 Nam
851 3070 967 3146 deflere
982 3071 1073 3134 etde

119 3140 248 3255 plorare
274 3176 387 3229 sortem
417 3187 508 3228 suam
536 3171 595 3242 itt,
628 3170 684 3231 aba·
701 3172 770 3252 quie
790 3177 837 3230 eet
857 3172 1074 3252 impetratum

119 3273 284 3334 lammam
305 3269 344 3329 alt
363 3268 568 3344 audientibus,
590 3289 703 3350 operae
717 3273 854 3352 pretium
871 3278 928 3331 eet.
974 3268 1075 3347 ἆανξί

122 3365 251 3452 τριβὴν
279 3367 351 3448 ἔχει
379 3367 492 3450 proprie
514 3379 560 3431 est
583 3368 712 3449 dignum
732 3372 1005 3434 commorationem
1022 3373 1075 3434 ta·

122 3470 189 3547 bet,
222 3468 244 3534 i.
273 3488 300 3530 e.
332 3467 449 3550 dignum
484 3479 547 3540 est,
586 3470 617 3532 in
647 3490 703 3551 quo
731 3490 960 3534 commoremur.
1000 3467 1073 3546 etat

122 3575 239 3650 πρᾶγμα
266 3565 333 3642 τοὺς
362 3566 591 3652 συναιγήσεντας
619 3569 674 3646 ἕξει
703 3595 760 3646 τις,
792 3572 818 3634 εἰ
845 3573 995 3656 διατρίψει
1018 3574 1075 3653 ltu
