2436 4116
208 311 278 372 234
521 304 847 370 COMMENTARlUS

210 471 364 536 confirmet
387 489 470 533 suam
489 470 678 544 sententiam,
701 471 809 534 Aescu.
831 469 1022 554 δορα-Τραῖα
1047 494 1077 534 ν.
1102 471 1171 535 189.

210 573 256 634 ed.
280 568 384 642 Well.,
412 566 459 630 uti
481 570 581 649 steno
608 590 748 652 equorum
777 571 959 654 appellantur
990 575 1062 652 igne
1093 591 1174 634 curo

209 691 236 733 a.
254 670 437 750 fabricatu,
462 669 641 754 παριγενετοὶ
664 670 783 748 χαλινοί.
833 669 872 732 At
893 668 982 752 hujus
1003 669 1058 733 luel
1079 669 1173 752 lunge

208 768 266 830 alia
289 766 364 829 ratio
381 776 427 828 est
445 786 539 847 neque
557 788 621 828 cum
638 767 688 829 illo
707 777 802 850 potest
819 769 1000 850 comparari3
1024 771 1173 851 quomodo

129 890 144 915 =
209 865 287 929 enim
311 865 367 927 uisi
390 863 557 949 perignem
579 867 688 944 χαλινοὶ
710 877 832 949 possunt
852 867 1009 930 fabricari?
1050 867 1093 930 lbi
1116 868 1172 951 igi·

209 977 258 1028 tur
284 964 397 1046 imago,
428 964 453 1026 si
476 985 531 1046 qua
554 975 612 1038 est,
635 966 718 1028 valde
739 965 865 1048 simplex
887 976 932 1028 est
953 976 983 1028 et
1003 966 1171 1050 aptissimo,

209 1085 303 1146 neque
322 1063 375 1125 hou
392 1062 552 1145 epitheton,
575 1064 600 1126 si
619 1065 654 1126 ad
675 1075 808 1127 nostrum
826 1085 946 1128 sensum
968 1065 1171 1148 exegerimus,

208 1163 343 1246 frigidum
365 1172 394 1225 et
414 1164 539 1225 otiosum
563 1163 699 1238 videtur,
721 1176 754 1227 ut
776 1174 856 1248 putat
877 1163 1063 1227 Scltuetzius.
1109 1163 1171 1228 Ne-

209 1284 265 1345 que
287 1282 358 1323 vern
379 1272 462 1336 sunt,
487 1283 561 1343 quae
576 1261 649 1325 idem
674 1263 811 1343 deinceps
830 1263 1023 1346 excogitavit,
1048 1262 1099 1340 iis,
1121 1265 1171 1346 qui

89 1358 93 1363 ’
209 1363 300 1425 multo
328 1359 445 1443 propius
472 1382 490 1422 a
520 1361 611 1443 prima
639 1361 709 1424 ferri
737 1361 909 1425 inventione
930 1383 1016 1443 quam
1040 1382 1096 1424 nos
1118 1366 1170 1424 ab·

209 1462 353 1532 luissent,
381 1479 486 1521 omnes
506 1459 650 1542 imagines
671 1481 687 1522 a
710 1459 779 1523 lerri
799 1460 908 1524 lubrica
930 1461 1035 1544 petitas
1055 1461 1171 1524 novita-

208 1562 247 1624 tis
276 1558 369 1642 gratia
399 1557 543 1621 ltlanditas
572 1579 651 1622 esse.
703 1558 795 1621 lmmo
826 1568 944 1623 veteres
973 1581 1079 1623 omnes
1109 1563 1169 1624 lere

168 1696 183 1707 -
208 1660 352 1740 imagines
374 1656 410 1718 ab
432 1656 495 1740 ipsa
517 1668 621 1740 natura
645 1658 826 1739 repetebant,
852 1669 975 1722 naturae
997 1659 1083 1742 quasi
1105 1682 1169 1742 pro

210 1759 306 1840 piures
334 1777 420 1837 quam
450 1776 505 1817 nos
533 1767 620 1837 atque
649 1754 775 1817 naturali
803 1776 902 1820 rerum
932 1778 1024 1820 seusu
1053 1758 1165 1820 imbuti.

210 1857 291 1921 Unde
317 1857 452 1935 plastico
481 1853 529 1915 illa
557 1853 670 1927 oratio,
704 1874 790 1934 quam
823 1875 876 1918 uos
905 1855 989 1918 hodie
1020 1878 1036 1918 a
1064 1869 1168 1919 natura

208 1975 299 2037 paene
327 1952 520 2014 abhorrentes
549 1960 579 2013 et
607 1951 797 2015 artificiorum
827 1954 949 2016 studiosi
977 1955 1165 2019 admiramur.

208 2051 301 2119 Nemo
323 2061 421 2114 autem
442 2050 594 2133 quisquam
615 2061 738 2113 naturae
760 2050 980 2115 consentienter
999 2053 1097 2117 dicere
1118 2075 1166 2136 po·

184 2162 283 2226 ptest,
316 2150 408 2213 uestri
435 2171 460 2214 s.
494 2149 627 2212 insaniae
649 2149 797 2231 cuspidem
819 2148 889 2232 igne
908 2171 1009 2213 cusam
1031 2173 1102 2214 esse
1122 2153 1166 2214 rel

207 2272 268 2314 nou
289 2270 388 2313 cusam
411 2269 489 2313 esse.
535 2246 628 2324 Quam
650 2248 686 2308 ob
708 2267 843 2309 caussam
864 2244 976 2330 ἄπυρος
990 2250 1166 2324 rocabulum

206 2371 273 2413 oum
294 2348 410 2431 propria
432 2349 497 2430 ejus
520 2347 548 2408 vi
568 2355 768 2426 congruenter
788 2345 953 2428 significare
974 2360 1063 2430 pulo:
1088 2353 1166 2434 ignia

204 2469 327 2529 erpere,
349 2451 434 2508 oanni
452 2448 525 2528 igue
544 2464 668 2516 careae,
690 2442 717 2504 h.
734 2463 761 2505 e.
786 2444 933 2527 frigidunr'.
980 2450 1056 2511 Eum
1076 2451 1162 2520 euim,

206 2547 255 2628 qui
276 2548 312 2608 ab
335 2543 428 2608 oestri
449 2542 567 2625 cuspide
590 2541 747 2624 pungitur,
781 2541 933 2607 horrorem
956 2550 1100 2630 quendam
1123 2549 1163 2610 iu·

205 2646 309 2708 cedere
339 2664 373 2706 nc
403 2641 497 2723 frigus
525 2653 756 2703 cousentaneum
786 2653 843 2704 est.
903 2643 939 2708 Jo
968 2646 1060 2730 igitur
1084 2647 1161 2720 dicit,

204 2763 238 2803 aa
255 2762 338 2802 nunc
357 2744 482 2802 insama
498 2742 528 2799 ἰν
554 2743 687 2799 ommort'
703 2739 818 2820 (μανίαι
835 2738 985 2806 θάλπονσί
1003 2752 1062 2824 με),
1084 2766 1161 2808 nuno

204 2843 330 2902 horrore
355 2860 392 2902 ac
415 2842 540 2919 frigore
562 2841 681 2919 corripi.
731 2837 779 2899 Sic
802 2861 819 2901 a
848 2842 966 2907 medicis
989 2840 1099 2926 ἄπυρον
1124 2844 1161 2907 tli-

204 2951 312 3005 cuntur
332 2937 467 3021 aegroti,
487 2939 542 3018 qui
552 2937 641 3015 sedra'
659 2958 721 2997 non
741 2939 857 2999 colent.

184 3039 187 3047 ”
269 3037 304 3101 V·
328 3038 400 3103 882.
446 3035 560 3116 φρένα
589 3034 620 3096 h.
645 3033 665 3095 l.
689 3035 897 3118 diaphragma
923 3037 1094 3122 siguificare
1112 3062 1158 3103 no·

204 3136 278 3200 tavit
299 3134 457 3198 Buttlerus.
503 3132 605 3196 Bloml.
637 3148 847 3199 commemorat
874 3137 973 3200 Schol.
998 3139 1103 3203 Venet.
1126 3139 1157 3201 al

204 3236 239 3303 ll.
262 3234 319 3308 Xl‚
342 3234 414 3298 578.
446 3233 554 3315 φρένας
575 3230 606 3293 δὲ
627 3226 645 3293 ὅ
663 3230 784 3313 ποιητὴς
805 3235 854 3297 καὶ
875 3233 987 3310 πάντες·
1000 3237 1031 3300 οἱ
1048 3236 1157 3300 παλαιοὶ

203 3332 326 3399 ἐκάλουν
361 3330 392 3396 τὸ
426 3328 601 3414 διάφραγμα.
629 3330 718 3413 Soph.
742 3332 849 3395 Tracb.
882 3355 912 3397 v.
934 3335 1010 3397 933.
1038 3331 1157 3416 πλευρὰν

201 3429 256 3511 ὑφ’
281 3425 360 3513 ἧπαρ
381 3432 430 3494 καὶ
447 3431 555 3513 φρένας
577 3431 786 3514 πεπληγμένον.
809 3429 894 3495 llum.
917 3431 950 3496 ll.
966 3431 1069 3510 XXll,
1088 3431 1154 3495 451.

202 3533 234 3602 ἐν
254 3529 282 3596 d’
305 3531 368 3612 ἐμοὶ
385 3527 458 3617 αὐτῇ
475 3526 605 3610 Σνήθεσι
621 3526 755 3595 πάλλεται
769 3520 840 3612 ἦτορ
854 3526 913 3617 ἀνὰ
930 3526 1030 3611 στόμα.
1052 3528 1155 3603 stake-
