2436 4116
203 330 247 390 ΙΝ
271 327 475 392 tEscttt'tt
498 326 708 424 Peokttssrtt.
734 324 869 388 l'lNCT.
942 326 1010 389 239

47 514 225 577 qrromqoom
247 491 330 580 γάμῳ
352 495 467 557 dativus
493 513 616 557 caussae
637 513 703 555 rsse
722 501 829 575 potest,
854 501 950 552 terren
967 490 1012 554 in·

48 603 179 657 venusto
210 592 253 654 sio
286 593 382 654 oritur
403 592 632 656 constructionis
653 590 845 672 cntbigoites,
875 592 940 672 quie
964 593 1013 674 qui

50 691 143 752 rerba
164 687 247 776 γάμῳ
268 691 448 771 δαπτομέναν
478 690 660 774 prormrrtiori
684 689 825 764 rruiticrit,
857 690 956 754 statim
979 711 1012 754 cc

51 789 97 851 sic
129 788 282 872 intelligit,
312 810 341 872 q.
366 791 394 852 tl.
428 793 545 872 nuptiis
573 798 739 860 occorrono,
773 789 876 853 deinde
898 810 930 852 se
952 789 1014 873 ipsc

51 887 206 970 corrigere
234 889 368 971 cogitur,
403 908 490 970 quum
521 887 602 950 ficita
636 889 748 948 denium
780 886 898 969 periodo
925 888 1017 952 sentit

51 983 136 1071 γάμῳ
154 987 288 1049 obsolute
307 987 431 1070 positum
449 998 480 1051 ct
496 985 677 1066 δαπτομέναν
696 1007 760 1047 eom
780 981 924 1060 ἀλατείαις
945 1009 1016 1050 con·

53 1087 229 1147 struendum
249 1105 326 1148 osse.
375 1084 474 1168 ltoqoe
490 1085 559 1146 milri
577 1096 688 1147 certum
709 1096 766 1159 est,
784 1082 867 1171 γάμῳ
884 1107 902 1147 e
918 1088 1017 1169 glossa

53 1184 86 1246 in
112 1194 229 1247 textum
259 1183 433 1267 irrepsisse,
460 1205 495 1247 oc
523 1184 626 1247 deinde
648 1204 748 1245 rorem
772 1183 925 1247 lectionem
948 1187 1019 1270 μέγα

55 1286 274 1346 exturlmsse.“
295 1283 437 1346 Soeoerz.
472 1284 551 1346 llaec
569 1284 782 1346 confirmentur
795 1283 921 1348 editione
938 1286 1017 1358 All„

56 1383 105 1445 uiri
128 1380 245 1469 μεγᾶμῳ
268 1382 392 1466 legitur,
425 1394 455 1446 et
477 1383 664 1446 similitudino
693 1382 794 1455 verli,
824 1385 899 1466 qood
922 1394 965 1446 est
989 1385 1020 1447 in

56 1504 147 1547 versu
170 1483 304 1566 stroplree
326 1484 605 1567 (μεγαλανομέαωα);
629 1483 724 1545 solent
744 1482 821 1545 enim
845 1484 874 1545 in
893 1484 939 1546 his
955 1505 1021 1547 cor·

58 1583 186 1645 minibus
210 1583 316 1646 similia
338 1582 440 1645 iisdem
457 1605 596 1646 versuum
616 1583 688 1645 locis
709 1584 799 1644 verbo
823 1582 876 1644 sibi
899 1603 1021 1666 respon·
1083 1646 1086 1655 ,
1183 1642 1186 1649 ⁴

60 1685 148 1759 (lere,
177 1677 260 1766 qootl
280 1683 368 1746 etiem
383 1685 427 1754 'tle
448 1681 733 1765 interpunctionibus
754 1683 941 1769 observatum
963 1692 1020 1744 est.

60 1783 201 1845 Fortasse
223 1792 321 1844 tomen
341 1804 398 1845 ooo
417 1803 490 1845 voce
507 1782 690 1844 scribendum
709 1791 773 1844 est:
799 1782 1024 1863 γαμοδαπτο.

60 1883 189 1962 ploce·
229 1877 303 1964 pcipe
332 1883 452 1944 exhibet
478 1883 549 1964 [leg.
575 1881 610 1942 E.
634 1891 664 1942 et
685 1881 739 1942 hoe
761 1881 905 1953 verbum,
936 1881 1024 1943 ouda·

61 1982 141 2044 ciore
164 1979 375 2064 compositione
396 1981 431 2042 ab
451 1977 597 2061 Aeschylo
619 1979 739 2052 factum,
762 2001 778 2067 p
804 1978 931 2040 librariis
949 1978 1024 2041 clivi·

63 2079 117 2142 sim
147 2078 237 2141 scribi
266 2078 378 2160 coepit3
408 2079 486 2140 unde
514 2074 611 2137 Schol.
636 2075 672 2137 A.
704 2075 932 2158 interpretatur:
965 2074 1025 2153 {ipe
1111 2071 1118 2086 ⁸

62 2185 103 2263 epi
124 2173 206 2262 γάμῳ
228 2178 311 2240 lem.
335 2177 462 2238 addens:
493 2176 584 2236 λείπει
604 2170 658 2256 γὰρ
679 2169 711 2234 τὸ
735 2171 803 2252 ἅμα.
847 2173 896 2235 Sic
918 2172 1025 2235 Graeci

64 2279 180 2359 lingunt
199 2283 396 2355 θυμομαχεῖν,
428 2275 640 2356 σιδηροτομεῖν,
662 2273 856 2354 σιδηροᾶετεῖν
878 2273 1025 2354 multaque

65 2375 118 2437 alio
144 2375 262 2437 similia.

125 2473 163 2537 V.
188 2475 261 2536 902.
306 2467 428 2534 πόνων
450 2471 553 2554 pendet
573 2466 740 2548 ab‘'Hpe9.
785 2467 861 2531 Sunt
881 2467 961 2530 enlm
982 2469 1026 2530 la·

66 2574 152 2635 loree
173 2593 193 2634 α
214 2569 342 2634 lenone
369 2573 498 2632 immissi
518 2572 566 2630 itta·
587 2569 723 2650 puellae.
765 2565 832 2630 Non
856 2577 920 2638 est,
951 2568 1027 2649 quotl

67 2671 96 2734 io
117 2669 220 2736 πόνων
238 2671 438 2743 offendemur3
462 2667 556 2731 oratio
576 2667 654 2730 enim
671 2666 704 2727 in
719 2664 765 2728 his
783 2665 895 2729 melicis
914 2686 1029 2748 poemo-

68 2770 105 2833 tie
124 2771 247 2854 gravior
267 2790 333 2833 csse
356 2770 431 2832 solet
452 2789 487 2831 oc
508 2766 638 2850 plenior,
662 2786 746 2847 quam
769 2765 799 2829 in
820 2766 885 2828 aliis
905 2785 1029 2850 poeseos

69 2870 246 2952 generibus,
283 2869 332 2930 ubi
359 2867 472 2931 dicendi
501 2868 619 2928 ubertas
648 2865 742 2946 magis
773 2864 903 2928 coerceri
932 2865 1028 2927 debet.

70 2969 125 3031 llic
145 2979 228 3052 poete
251 2968 320 3030 facit
339 2967 500 3050 aptissume
520 2964 648 3027 chorum
668 2962 783 3024 dicere:
813 2985 845 3024 cc
863 2971 947 3023 meto
963 2963 1032 3042 ple·

69 3088 146 3129 nam
166 3088 248 3144 ecee,
262 3072 461 3142 immolem,
484 3072 519 3125 et
541 3061 599 3123 Jus
621 3063 782 3142 virginitas
804 3065 885 3122 viros
899 3063 1032 3141 segieno

70 3170 208 3249 gram'ter
229 3170 384 3229 laceretur
406 3163 572 3234 laboribus,
594 3162 705 3242 quibus
727 3179 795 3219 eam
816 3155 903 3220 ιΙαεα)
921 3141 1033 3220 mirere

21 3251 24 3256 ⁵
71 3269 186 3354 erogari
198 3286 258 3348 per
278 3267 380 3327 orbem
401 3263 547 3344 coegerit.
596 3250 699 3339 Neque
721 3266 845 3318 metrum
868 3254 1032 3339 elegantius

72 3363 237 3426 tiromisso
263 3361 370 3426 orirer.
414 3363 505 3425 lormo
532 3356 658 3442 postulat
681 3354 835 3438 rhythmus
857 3353 945 3436 hujus
968 3374 1032 3416 cor·

72 3462 180 3538 minis,
203 3473 237 3524 ut
259 3463 344 3525 telem
366 3461 471 3523 hebeat
495 3457 606 3520 exitum
631 3453 769 3536 s'troplm,
800 3453 913 3547 qualem
937 3453 1033 3514 attico

71 3557 172 3625 peroro
197 3561 294 3624 habet.
357 3558 422 3622 Alia
451 3569 546 3622 eutem
579 3564 738 3617 metrorum
769 3552 844 3614 ratio
875 3562 921 3614 cst
948 3572 979 3614 v.
1004 3572 1032 3614 o.
1122 3620 1127 3630 Ι
