2436 4116
215 296 283 386 ra‘c
538 321 879 386 uonnmvramus-

213 487 312 572 Suppl.
346 507 377 552 v.
399 489 472 551 222.
503 484 635 569 λαμπρὸν
664 487 697 550 tl
721 495 834 574 θολερῷ
863 491 946 571 δῶμα
974 493 1117 570 συμμίξας
1146 489 1179 554 τὸ

211 585 265 651 σὸν
285 586 418 668 ἥλκωσας
434 587 543 659 οἴκους.
585 588 624 649 Et
641 584 776 670 καθαρὸς
795 589 936 651 Herodot.
955 590 1006 662 lv,
1025 591 1077 652 53.
1103 589 1177 652 Cae-

209 699 306 753 terum
337 687 372 748 de
403 687 457 748 hac
485 686 539 748 lus
568 686 688 769 querela
724 699 955 752 commemoratu
983 688 1102 770 dignum
1129 699 1179 751 est

210 785 359 850 Schuetzii
378 786 540 872 judicium:
575 785 779 861 „incredibilis
801 799 848 851 est
867 788 915 852 vis
935 797 966 850 et
987 787 1175 851 vehementia

209 887 377 950 ultimorum
405 885 459 948 lus
479 887 656 960 verborum,
687 887 792 968 quibus
812 886 896 949 dietis
918 907 951 950 se
973 898 1172 969 spectatorum

208 987 302 1051 oculis
330 984 493 1060 subtrahit,
524 985 665 1048 attonitos
693 1001 754 1047 eos*
768 985 941 1049 calamitatis
963 1006 1036 1049 sune
1058 985 1172 1068 magni·

207 1087 308 1150 tudine
329 1085 510 1166 relinquens.
555 1082 690 1146 Varietas
712 1085 883 1159 nominum,
912 1075 1017 1166 quibus
1039 1084 1170 1147 furorem

208 1185 360 1268 designat,
389 1178 547 1261 σφάκελος,
568 1183 673 1260 μανία,
695 1181 800 1272 λύσσα,
828 1184 985 1269 claraeque
1006 1183 1073 1265 ejus
1094 1182 1170 1247 acci-

206 1286 336 1348 dentium
354 1282 509 1364 imagines,
534 1280 686 1362 sanguinis
706 1282 836 1356 accensi,
860 1282 958 1346 cordis
977 1281 1170 1346 vehementer

206 1375 389 1468 palpitantis,
423 1381 573 1443 oculorum
606 1377 741 1442 celeriter
766 1380 933 1444 volutorum
966 1403 1000 1444 ac
1029 1381 1169 1444 distorto·

205 1503 289 1554 rum,
319 1501 414 1562 vagae
442 1476 659 1548 cursitationis,
697 1476 815 1560 linguae
846 1480 971 1563 denique
998 1480 1166 1554 titubantis,

189 1581 260 1644 lae
290 1579 407 1661 inquam
437 1577 581 1660 imagines
608 1575 761 1638 celerrimo
785 1580 867 1660 quasi
890 1600 980 1643 eursu
1001 1580 1168 1643 concitatae

204 1679 380 1764 gravissime
412 1687 525 1740 terrent
554 1696 589 1737 ao
616 1676 787 1756 perturbant
816 1678 949 1742 animum
976 1679 1164 1762 spectatoris.

203 1779 261 1841 Fae
287 1775 411 1839 actionis
439 1796 553 1856 quoque
581 1773 749 1855 dignitatem
778 1797 813 1839 ac
834 1778 987 1845 veritatem
1009 1780 1164 1852 accedere,

202 1875 275 1938 nihil
296 1874 365 1954 fingi
388 1882 483 1955 potest
502 1872 746 1936 vehementius.“

265 1971 300 2037 V·
323 1971 396 2034 889.
441 1970 504 2032 Hoc
532 1970 614 2034 brevi
644 1972 774 2038 carmine
802 1973 916 2038 Cltorus
944 1968 1029 2038 effert
1058 1975 1167 2038 Pittaci

148 2098 156 2107 ⁷
185 2068 392 2143 sententiam,
414 2089 489 2151 quae
513 2071 642 2153 conjugii
664 2072 866 2155 aequalitatem
888 2073 1053 2156 praedieat3
1078 2073 1164 2136 lovis

200 2180 231 2234 et
251 2171 371 2232 deornm
395 2167 548 2252 petitiones
571 2170 750 2251 periculosas
772 2192 856 2244 esse,
880 2173 1085 2235 demonstrare
1108 2174 1164 2237 lus

200 2291 218 2333 a
235 2269 351 2331 Junoue
366 2279 425 2330 tam
442 2277 569 2330 vexatae
586 2269 762 2350 exemplum.
785 2269 822 2333 Ut
833 2291 920 2354 snpra
933 2275 976 2350 (v.
990 2272 1064 2334 524.
1077 2274 1162 2354 sqq.)

200 2369 317 2431 Chorus
337 2367 378 2430 ita
400 2365 546 2448 loquitor,
576 2377 608 2428 ut
629 2368 795 2430 mortalium
816 2381 914 2454 partes
935 2391 1040 2452 gerere
1061 2371 1162 2434 vitlea-

198 2477 273 2542 tur3.
288 2476 466 2529 aversantur
486 2465 576 2548 igitur
597 2466 709 2549 puellae
730 2469 898 2551 conjuginm
921 2490 986 2532 cum
1010 2469 1084 2544 diis,
1109 2492 1162 2534 ne·

185 2588 255 2653 'qne
276 2567 311 2628 ab
333 2565 369 2626 iis
391 2564 448 2645 peti
469 2564 591 2639 volunt,
622 2566 759 2647 quoniam
783 2562 848 2630 cum
871 2567 1085 2631 immortalibus
1107 2570 1160 2633 dil-

124 2674 127 2679 '
196 2665 272 2729 lieile
292 2674 441 2726 certamen
459 2663 498 2725 sit
510 2663 650 2745 levisque
665 2665 786 2728 consilia
804 2687 891 2729 nemo
907 2666 1001 2750 possit
1015 2668 1156 2752 effugere.

260 2762 296 2826 V.
319 2762 392 2824 891.
436 2757 474 2822 τὸ
502 2763 681 2840 κηδεῦσαι
711 2762 798 2828 καθ’
829 2763 961 2828 ἑαυτὸν
982 2776 1030 2829 est
1051 2771 1155 2848 affini·

195 2872 291 2926 tarem
313 2858 574 2922 contraherentur·
595 2882 785 2944 comparem,
812 2863 842 2925 h.
866 2884 892 2926 e.
918 2863 1036 2946 nuptias
1059 2868 1156 2935 lacere

193 2980 279 3046 pares
302 2979 367 3021 cum
390 2957 518 3040 paribus.
543 2959 640 3022 Schol.
660 2961 696 3022 A.
726 2963 862 3037 adnotat,
879 2961 1059 3047 Aeschylum
1077 2964 1153 3047 loqui

193 3063 229 3124 de
251 3059 381 3130 Pittaco,
404 3067 433 3120 et
455 3056 628 3121 Eustathius
651 3071 768 3133 monet,
791 3060 871 3124 illam
894 3061 1071 3124 senteutiam
1094 3084 1150 3125 non

192 3161 352 3246 prolectam
374 3177 442 3219 esse
463 3154 616 3219 aNostro.
652 3159 798 3221 Eustathii
820 3160 876 3223 loci
895 3160 924 3223 hi
943 3171 1032 3222 sunt:
1056 3160 1148 3241 (llial.

191 3259 287 3342 Vlll.)
310 3257 340 3330 ἐξ
360 3247 396 3317 οὗ
419 3253 542 3337 (enlin)
565 3255 714 3330 ἐπεαθέσει
736 3265 788 3320 τοῦ
810 3285 828 3321 υ
849 3256 882 3322 τὸ
903 3256 1036 3339 andrum·
1057 3261 1105 3322 ἐπί
1122 3283 1149 3321 re

192 3364 244 3423 τοῦ
264 3352 389 3419 θάπτειν
410 3352 497 3424 (ὅθεν
517 3355 567 3416 καὶ
587 3353 691 3436 unceis
706 3356 806 3441 νέκυς)
828 3358 946 3420 καὶτοῦ
963 3355 1147 3442 ἐπιγαμβρεύ-

192 3482 251 3532 ειν,
272 3450 346 3518 καθ’
371 3449 388 3514 ὃ
410 3451 467 3532 ἔφη
489 3450 648 3533 Αἰσχύλος·
677 3451 717 3528 ὥς
739 3453 771 3518 τὸ
792 3453 926 3537 κηδεύειν
945 3456 1022 3521 καθ’
1046 3456 1145 3520 ἑαυτὸν

192 3552 469 3638 ἇριστεύειμακρῷ.
513 3554 552 3618 Et
581 3553 625 3631 (ll.
650 3555 687 3630 1.)
699 3560 717 3616 :'
737 3557 894 3637 σημείωσαι
913 3553 959 3620 ὅτι
979 3552 1016 3622 oei
1030 3563 1153 3642 πρῶτος

986 3694 1005 3731 Ι
