2436 4116
261 302 305 363 ΙΝ
327 300 532 363 ruscum
554 300 763 363 ΡΙΙΟΜΕΤΙΙ.
789 299 923 363 VINCT.
1008 303 1072 365 221

117 464 280 551 Dionysius
309 464 403 532 Helio.
435 478 464 531 ut
499 467 642 553 suspicari
672 466 788 531 videtur
816 430 968 550 Longinus
998 465 1080 550 (περὶ
1147 476 1148 481 ’

116 562 218 645 ὕψους
239 586 267 628 ο.
286 564 352 646 8.),
375 574 494 629 seoutus
517 577 563 631 est
583 567 614 630 iu
634 566 716 631 hisee
733 565 931 631 describendis
947 563 1080 652 Aeschy-

117 661 182 727 lus:
218 672 318 727 exstat
353 661 432 726 euim
462 663 538 728 haud
567 664 700 730 absimile
728 687 768 730 ex
795 664 975 750 Arimaspeis
1005 667 1080 751 apud

118 759 263 826 ioannem
283 761 422 825 Tzetzem
434 808 445 838 ,
469 763 595 828 editt.
620 763 690 828 hist.
715 763 786 828 144.

178 898 305 968 ἸσσηδοΙ
319 905 446 975 χαίτῃσιν
464 898 649 975 ἀγαλλόμενοι
668 897 801 974 sorciatur

182 987 233 1038 καί
249 999 324 1055 uuae
342 982 508 1058 ἀνθρώπους
526 982 596 1039 εἶναι
614 982 795 1059 καθύπερθεν
812 981 959 1059 ὁμούρους,

184 1064 256 1141 πρὸς
272 1072 385 1137 Βορέω,
402 1066 521 1129 πολλοὺς
536 1086 565 1122 τε
582 1071 628 1122 καὶ
647 1066 776 1135 ἐσθλοὺς,
794 1064 881 1142 κάρτα
898 1066 1032 1141 μαχητάς,

183 1148 317 1221 iurelure
333 1155 458 1217 ἵπποισι,
476 1148 665 1226 πολύῤῥηνας,
684 1148 872 1220 πολοβοὺιας·

184 1230 338 1305 ὀφθαλμὸν
354 1234 384 1288 δ’
402 1234 445 1290 ἕν’
464 1236 577 1295 ἕκαστος
593 1236 649 1304 ἔχει
666 1240 786 1305 γαρίεντι
801 1231 920 1306 μετώπῳ

179 1321 311 1392 χαίτῃσιν
327 1317 432 1386 λάσιοι,
450 1319 563 1389 πάντων
580 1317 777 1393 σιιβαριότατοι
793 1317 914 1387 ἀνδρῶν.

121 1439 235 1506 Pdim'us
262 1442 350 1506 etism
373 1463 437 1506 uno
459 1443 549 1505 oculo
570 1445 603 1504 τ’τι
620 1444 723 1508 medie
735 1446 846 1525 fronte
867 1441 1083 1524 insiguestra·

122 1539 174 1601 dit.
220 1540 332 1605 Gellius
353 1538 391 1603 N.
409 1541 447 1603 Α.
465 1540 521 1614 ΙΧ,
543 1540 594 1601 4.:
616 1544 689 1603 item
709 1562 777 1603 esso
799 1545 936 1605 domines
951 1539 1009 1602 sud
1030 1558 1083 1600 eu·

123 1640 194 1701 dem
223 1643 347 1723 ragione
373 1639 468 1712 coedi,
500 1660 599 1701 unum
623 1641 747 1702 oculum
775 1644 807 1701 in
836 1641 956 1719 frontis
984 1637 1085 1697 medio

122 1731 287 1814 dedentes,
306 1741 363 1821 qui
380 1740 580 1821 appellantur
596 1739 772 1821 Arimaspi:
796 1761 859 1822 qua
872 1739 978 1820 fuisse
993 1736 1084 1815 socie

125 1835 278 1921 ίζιιοῑοροε
294 1845 407 1920 poetae
421 1839 544 1917 serunt.
587 1835 627 1899 Et
648 1835 754 1900 Strabo
777 1838 936 1923 Cyelopum
959 1833 1085 1897 tributam

123 1933 180 1999 hoe
207 1944 326 2020 arrepto
354 1945 529 2018 argumento
550 1955 567 1998 e
590 1933 709 2020 seythia
731 1935 761 1997 in
785 1935 937 1998 Graeciam
961 1928 1086 1997 delatam

123 2042 206 2118 putat
233 2033 283 2097 tid.
304 2032 327 2097 Ι.
356 2033 529 2097 Eustathius
561 2032 705 2117 proditio
729 2031 866 2117 Dionysii·
885 2032 1010 2116 perieg.‚
1032 2052 1085 2095 eos

124 2132 204 2197 iuter
223 2132 420 2217 sagittandum
443 2131 568 2195 aiterum
589 2131 705 2194 oculum
728 2131 831 2193 solitos
851 2151 918 2193 esse
937 2131 1085 2219 claudere,

125 2251 200 2315 quse
222 2231 404 2315 oonsue‘tudo
422 2230 537 2293 taudem
556 2230 587 2292 in
606 2239 740 2293 naturam
756 2229 918 2292 transierit.
964 2228 1013 2290 Ex
1030 2227 1086 2293 hoe
1135 2219 1137 2224 ¹

124 2329 198 2398 vitio
219 2349 328 2393 nomeu
345 2327 450 2392 haesit.
494 2325 599 2411 Ἀριμα
616 2329 694 2392 enim
713 2329 813 2413 lingua
833 2326 968 2414 Scythica
986 2348 1086 2390 unum

126 2424 294 2513 signifieat,
329 2444 405 2491 σπου
437 2428 563 2490 oculum
594 2438 670 2492 teste
699 2428 847 2491 Herodoto
883 2425 933 2489 dib.
957 2426 1008 2502 tv,
1031 2428 1083 2491 27.

125 2525 300 2591 Eustuthius
321 2525 419 2601 aliter,
442 2546 546 2609 nempe
566 2523 614 2608 ἄρα
635 2547 733 2589 uuum
750 2537 780 2589 et
797 2521 1084 2607 μασποῦςοοαίιισι,

125 2625 174 2690 eui
204 2625 315 2690 aceedit
345 2623 443 2687 Schol.
466 2624 500 2687 B.
544 2623 687 2707 Quidquid
710 2647 782 2690 vero
804 2626 839 2689 de
860 2623 1024 2708 Arimaspis
1045 2625 1088 2687 di·

126 2723 222 2796 uitur,
250 2723 282 2785 iu
311 2723 429 2786 dubium
456 2734 544 2786 vocat
563 2724 703 2786 Herodot.
727 2723 776 2796 ΙΙΙ,
801 2723 886 2798 116.,
914 2723 973 2786 imo
995 2726 1029 2788 do
1050 2723 1089 2789 iis

126 2818 201 2886 didit
221 2821 297 2886 tradi
319 2832 435 2905 praeter
453 2823 564 2886 fabulas
583 2822 688 2884 Strabo
709 2821 884 2904 probath,
905 2845 932 2907 p.
954 2823 1027 2888 ⁵07.
1051 2823 1086 2886 C.
1187 2861 1189 2865 ·

127 2920 175 2985 ed.
204 2919 380 3009 casaub-‘⁹
407 2921 480 2984 Cum
510 2919 665 2983 Eustathio
695 2920 764 2982 facit
784 2921 936 2996 MuretuS,
966 2923 1090 3003 eamque
1127 2995 1133 3002 .

128 3018 307 3084 seutentiam
328 3019 444 3083 munire
466 3021 564 3082 studet
583 3017 641 3094 iis,
667 3039 741 3100 quae
764 3017 952 3102 Hippocrates
975 3029 1091 3095 narrat,

129 3116 204 3203 apud
223 3119 364 3201 quosdam
384 3119 415 3180 in
436 3117 507 3181 Asia
528 3118 648 3202 populos
670 3115 821 3201 pulchrum
845 3115 944 3179 haberi
965 3118 1092 3201 oblongo

130 3215 226 3302 eapite
247 3237 330 3281 esse:
365 3215 401 3280 ob
431 3216 517 3298 idque
547 3217 678 3280 nutrires
700 3205 810 3278 reoeus
830 3214 972 3277 editorum
995 3215 1093 3277 indan-

129 3314 204 3381 tiuus
232 3317 340 3381 teneda
365 3314 459 3398 eapite
490 3314 625 3377 manibus
660 3313 869 3378 contrectando
901 3334 936 3376 ae
967 3313 1093 3396 compri-

132 3416 256 3493 mendo,
284 3416 435 3500 globosam
467 3425 497 3478 et
523 3414 716 3477 orbicularem
746 3412 868 3496 figuram
891 3432 1093 3496 eorrumpere,

133 3533 226 3598 euque
254 3513 423 3600 fastigiare,
454 3535 489 3578 ao
519 3512 618 3577 fasciis
647 3511 734 3576 etiam
762 3509 901 3574 adstricta
930 3531 1038 3594 eogere
1062 3511 1093 3573 iu
