2436 4116
136 338 203 400 154
398 358 403 364 ’
444 335 769 397 COMMENTARIUS

133 501 255 577 Oceani,
279 503 370 565 frater
391 510 454 575 est,
477 479 507 564 et
528 499 631 564 deinde
653 499 699 583 (v.
720 499 793 563 367.
818 501 900 582 sqq.)
923 502 958 563 tle
982 500 1089 563 futuris

133 622 232 664 sermo
251 600 302 672 bt,
325 619 400 681 quoe
420 599 469 662 ihc
490 600 657 683 praedicere
678 599 964 683 aTbemiheumatre
985 601 1088 662 doctus

132 699 238 783 potuit,
258 697 392 761 Oceanus
403 709 501 762 eutem
511 698 609 762 animo
621 708 651 761 et
663 698 782 782 ingenio
792 718 850 760 non
862 699 1085 782 assequebatur.

194 796 228 860 V.
252 796 447 860 347-348.
500 795 651 860 Sententia
677 807 739 861 est=
781 796 866 860 Nolo
895 801 965 859 otiis
993 819 1089 880 quom

130 898 275 980 plurimis
300 896 386 959 moia
412 897 574 980 asemon,-
604 916 678 958 nom
700 901 778 958 cotie
797 898 875 958 mihi
893 897 1008 959 doloris
1028 905 1086 969 est,

131 997 216 1080 quod
236 999 345 1076 frater
372 1016 459 1057 moue
478 997 511 1057 io
532 996 614 1057 hooc
637 999 805 1076 sorborum
830 997 947 1058 incide.
993 996 1089 1058 Porro

137 1096 315 1178 Typhonem
341 1097 425 1169 eide,
454 1098 511 1177 qua·
525 1096 669 1156 resistere
689 1115 787 1157 omaus
809 1105 856 1156 ert
877 1095 964 1169 Jooi,
994 1116 1087 1177 quom

131 1198 214 1258 molo
233 1195 272 1257 oh
295 1215 331 1256 eo
350 1202 507 1256 tracturos
527 1195 588 1266 οὓς
618 1195 714 1274 hujus
734 1197 909 1276 exemplum
926 1195 983 1254 tibi
1001 1213 1088 1254 eunte

132 1315 232 1376 oeque
257 1313 328 1355 meo
348 1313 464 1354 caussa
483 1296 607 1374 suscipe
626 1289 715 1355 Joois
735 1296 824 1354 iram.
869 1289 964 1376 πρὸς
994 1291 1086 1354 iouh

131 1415 220 1475 ρους
254 1388 400 1462 τόπους
428 1389 575 1468 ἕστηκε,
611 1390 639 1451 b.
671 1411 698 1454 e.
735 1393 878 1454 adversus
908 1391 1086 1454 occidentem

106 1573 107 1576 Ἴ
131 1491 292 1554 collocatus
313 1487 426 1562 stabat3
446 1483 520 1569 πρὸς
535 1487 666 1570 ἑσπέραις
685 1487 787 1564 τόποις
806 1491 906 1570 ἔστηκε
925 1490 950 1552 si
968 1491 1084 1572 iegitur,

131 1589 189 1653 boo
214 1581 384 1671 simpliciter
415 1585 561 1669 significat
589 1599 675 1650 olore
701 1591 851 1651 adversus
880 1591 1085 1666 occidentem,⁸

130 1684 205 1770 πρὸς
225 1695 322 1750 autem
345 1705 410 1748 cnm
433 1705 532 1748 accus.
557 1687 742 1749 collocatum
764 1707 831 1749 esso
851 1696 882 1747 et
900 1697 995 1751 stare.
1032 1687 1085 1750 Ve-

83 1797 84 1801 ’
130 1797 211 1849 teres
239 1784 390 1847 columnas
416 1802 484 1844 esse
505 1784 663 1864 putabant,
696 1805 770 1866 quae
792 1784 904 1847 coelum
928 1797 957 1848 et
977 1797 1085 1849 terram

59 1896 63 1903 ’
130 1883 322 1961 distinerent,
344 1879 566 1966 Aeschylnsquc
585 1901 638 1951 eos
662 1893 798 1946 auctores
820 1884 1013 1965 sequebatur,
1039 1882 1085 1967 qni

129 2002 218 2055 unam
248 2000 316 2043 esse
346 1979 511 2042 columnam
540 1979 776 2054 arbitrabantur,
808 2002 929 2064 eamque
958 1982 1030 2044 ferri
1051 1983 1084 2046 ab'

128 2081 263 2152 Atlante,
286 2077 336 2161 qui
356 2087 449 2141 staret
470 2078 506 2141 ad
528 2076 707 2141 occidentem
730 2078 834 2142 solem.

192 2178 229 2244 V.
252 2177 324 2242 300.
368 2174 433 2240 οὐκ
453 2173 679 2261 εὐάγκαλον,
698 2175 773 2240 ἀλλὰ
792 2173 1016 2258 ὃυςβάστακτον,
1037 2205 1084 2242 κα-

128 2274 287 2355 τεδικάσθη
301 2272 356 2359 γὰρ
372 2271 430 2338 ὑπὸ
448 2272 521 2349 Διὸς
536 2274 689 2358 haurirem
704 2273 756 2341 τὸν
773 2273 907 2359 οὐρανὸν.
931 2277 1028 2340 Schoh.
1052 2279 1081 2340 b.

192 2374 228 2437 V.
251 2374 325 2438 351.
368 2373 455 2436 Cani.
480 2395 555 2458 quae
576 2376 611 2437 ed
634 2374 837 2438 Germanicam
860 2375 948 2460 hujus
970 2387 1083 2460 tragoe-

128 2473 192 2555 ¹hiae
212 2470 436 2536 conversionem
460 2470 638 2537 notavimus.
695 2475 897 2557 Terrigeoom
920 2484 1006 2538 vocat
1027 2475 1082 2560 Ty-

128 2572 224 2656 phona
238 2570 413 2654 Aeschylus.
451 2570 644 2653 „Apollodon
657 2571 680 2644 Ι,
691 2573 722 2644 6,
737 2571 768 2635 3.
789 2582 909 2636 secutus
925 2573 1082 2636 Auctorem

126 2668 279 2750 Theogon.
298 2668 370 2730 820.
393 2678 495 2730 narret
511 2669 646 2742 Terram,
670 2680 735 2752 post
755 2671 912 2734 debellatos
928 2693 946 2734 a
963 2670 1082 2754 Superis

127 2765 287 2848 Gigantas,
324 2786 340 2827 a
374 2765 499 2829 Tartaro
527 2767 669 2851 Typhona
701 2768 890 2852 concepisse:
928 2778 1016 2850 atquc
1044 2769 1082 2830 ita

126 2861 224 2925 Schol.
241 2861 273 2924 in
287 2862 401 2926 Platon.
418 2864 463 2927 ed.
477 2865 633 2928 Ruhnken.
648 2887 675 2948 p.
688 2871 739 2929 hb.
764 2867 877 2930 Auctor
890 2887 961 2930 vero
975 2866 1081 2951 Hymn.

125 2958 275 3024 Homerid.
304 2960 336 3023 in
366 2962 460 3044 Apoll.
491 2976 521 3026 ν’.
546 2963 619 3026 306.
669 2963 814 3026 iunonem
847 2987 912 3028 eum
936 2965 1082 3048 peperisse

99 3132 102 3136 λ
124 3059 225 3133 tradit,
247 3059 363 3140 quicum
380 3062 450 3123 tacit
463 3060 650 3124 Stesichorus
671 3063 745 3145 apud
761 3063 890 3147 Etymol.
907 3063 948 3124 M.
966 3085 993 3145 p.
1007 3065 1079 3134 772,

124 3160 177 3222 50.
231 3158 394 3221 Scholiasta
425 3179 498 3223 vero
533 3160 686 3223 Villoisoni
713 3161 749 3223 ad
779 3161 862 3225 iliad.
887 3162 924 3235 ΙΙ,
944 3183 984 3225 v.
1008 3163 1080 3226 783.

123 3278 190 3320 eum
212 3277 252 3321 ex
275 3278 332 3321 oro
349 3257 479 3341 genitum
499 3257 591 3331 fuisse
612 3259 664 3333 ait,
688 3279 745 3342 quo
760 3259 905 3323 Junoncm
922 3254 1083 3322 donaverat

122 3356 278 3420 Saturnus.
311 3357 416 3420 Cetera
440 3358 475 3421 de
491 3357 633 3442 Typhone
652 3357 775 3422 bistoria
799 3357 870 3421 baec
895 3369 950 3421 est.
987 3357 1082 3436 Quum

121 3456 235 3519 coelum
256 3455 380 3533 invasit,
402 3455 439 3518 dii
461 3477 530 3540 prae
552 3467 631 3521 metu
646 3456 678 3520 in
692 3457 857 3542 Aegyptum
871 3458 1080 3540 confugerunt,

78 3564 80 3575 ⁸
105 3553 231 3647 ¹relictis
254 3566 368 3622 tantum
384 3555 458 3624 Jove
474 3567 504 3621 et
522 3557 678 3634 Minervam
701 3557 741 3622 ibi
760 3576 846 3634 vero,
871 3565 902 3621 ot
918 3564 1083 3619 monstrum
