2436 4116
205 323 249 384 lN
274 321 867 389 tuscututunounru.v1ucr.
945 327 1013 391 247
1042 372 1047 383 ,

50 489 192 553 feruutur
214 487 285 551 nihil
309 500 392 571 turpe
414 499 443 552 et
463 510 515 573 per
537 511 569 554 se
589 490 775 554 inhonestum
794 491 914 567 habeut,
936 493 1015 557 Mer-

51 587 138 651 curio
161 587 324 671 significat,
348 587 415 671 quid
437 589 473 652 de
494 589 559 672 ejus
582 589 756 673 impudentia
774 592 898 674 judicet.
945 593 1017 657 Puc-

51 696 125 750 ruut
146 697 257 761 autem,
281 687 330 769 qui
347 707 453 751 versus
470 689 653 753 670-671
672 702 807 775 putarent
821 715 838 755 a
854 692 1016 761 Mercurio.

53 806 115 847 non
131 805 149 848 a
164 784 338 848 Prometheo
355 786 560 869 pronuntiatos
579 789 682 864 luisse,
705 789 910 875 librariosque,
929 813 1018 875 quum

55 883 123 947 illos
164 884 292 968 quinque
327 906 431 949 omues
461 885 634 950 Prometheo
669 886 874 970 assignarent,
916 911 1019 955 errore

55 983 179 1066 quodam
203 983 259 1046 hoe
279 983 396 1048 fecisse.
442 984 585 1049 Volehaut
611 987 688 1050 enirn
709 988 751 1051 illi
772 987 866 1051 lenire
888 988 963 1052 hanc
986 1011 1018 1053 a·

16 1137 21 1141 ,
55 1083 172 1146 cerham
192 1082 429 1165 responsionem,
451 1095 494 1161 at,
518 1088 618 1159 eredo,
641 1087 792 1150 violarunt
813 1087 908 1170 potius
929 1087 1018 1170 hujus

54 1183 112 1247 loci
134 1183 195 1247 vim
218 1193 248 1245 et
272 1182 459 1265 gravitatem.
512 1184 614 1247 Omnis
635 1185 848 1249 sententiarum
871 1206 967 1249 nexus
989 1197 1020 1250 et

56 1284 215 1347 verborum
236 1281 418 1364 singulorum
436 1282 601 1358 collocatio,
622 1306 697 1367 quac
710 1283 942 1367 exquisitissime
958 1295 1018 1361 est,

56 1382 130 1447 satis
161 1383 299 1466 probant,
334 1380 388 1445 hos
415 1381 543 1464 quinque
571 1405 676 1446 versus
705 1385 740 1447 ab
762 1405 821 1446 uno
844 1383 1018 1447 Prometheo

56 1482 153 1545 dictos
180 1480 310 1544 voluisse
330 1480 520 1565 Aeschylum.
567 1482 695 1546 Primum
718 1485 807 1547 verha
831 1480 886 1546 οὑκ
910 1480 947 1546 etv
970 1480 1020 1546 dt-

55 1577 171 1660 ίίιξαιρί
197 1577 251 1664 ἐγῶ
275 1580 316 1643 ita
344 1578 485 1643 collocata
513 1592 584 1643 sunt
612 1583 755 1661 (maximo
777 1582 846 1645 illud
868 1578 953 1664 lyd),
987 1592 1020 1645 ut

58 1702 136 1764 quae
164 1689 326 1763 sequuntur
354 1685 488 1761 spelndor
514 1676 569 1763 γὰρ
604 1676 685 1760 οἶμαι
712 1681 800 1744 unius
829 1682 1019 1763 ejusdemque

15 1806 19 1813 ⁴
57 1800 125 1844 esse
157 1801 280 1843 necesse
302 1779 352 1841 sit.
405 1778 515 1841 Deinde
537 1779 702 1842 Mercurius
724 1802 764 1843 cx
786 1801 850 1843 mea
872 1779 1021 1844 sententia

58 1901 119 1942 nou
141 1879 235 1963 potuit
259 1880 453 1958 respondere,
483 1877 688 1941 Prometheum
714 1876 861 1962 λατρεύειν
880 1880 949 1964 τῇδε
970 1878 1020 1941 πί-

55 2004 125 2065 ιρρι,
153 1998 229 2062 quae
250 1976 405 2058 explicatio
428 1998 550 2051 eorum,
579 1997 653 2058 quae
675 1977 808 2058 proxime
830 1978 1020 2059 praecedunt,

55 2077 88 2140 iu
110 2075 315 2140 Prometheum
338 2076 433 2160 potius
455 2075 611 2148 convenit3
641 2085 688 2138 cst
707 2074 784 2136 euim
807 2074 970 2157 elegantior
990 2086 1021 2139 et

57 2174 213 2247 subtilior,
246 2194 330 2255 quam
360 2184 393 2238 ut
421 2174 456 2236 ah
482 2173 651 2236 adversario
681 2175 856 2256 proferatur.
910 2172 1021 2236 Deinde

57 2274 151 2347 οὑτως
171 2268 296 2354 ὑβρίζειν
316 2284 373 2336 ete.
397 2274 452 2335 suh
470 2273 557 2334 finem
577 2271 779 2355 responsionis
796 2271 922 2334 additum
937 2292 1021 2354 prae·

58 2375 140 2437 clarc
165 2372 314 2446 ostendit,
344 2371 549 2434 Prometheum
580 2371 677 2434 omnia
700 2369 772 2433 haec
793 2368 1019 2452 pronuntiasse;

57 2493 128 2535 uam
150 2470 182 2532 in
202 2469 347 2554 prioribus
369 2471 481 2533 duohus
501 2469 638 2532 versibus
659 2472 722 2533 lere
739 2468 811 2531 nihil
831 2467 921 2541 inest,
945 2469 1022 2550 quod

56 2567 185 2652 ὑβρίζειν
213 2568 269 2631 dici
296 2568 405 2652 possit3
436 2579 540 2650 quarto
569 2569 684 2631 demum
705 2588 795 2631 versu
815 2565 901 2648 ὑβρις
922 2567 1023 2650 expri-

57 2669 159 2731 mitur.
197 2666 294 2730 Voces
314 2665 391 2729 enim
410 2667 538 2730 maxime
553 2668 640 2749 πατρί
656 2677 685 2730 et
700 2663 802 2730 ιιισιὸν
816 2666 1021 2731 Prometheum

56 2763 184 2847 ὑβρίζειν
207 2765 329 2827 faciunt·
375 2762 466 2826 Porro
488 2765 541 2829 vix
559 2767 763 2839 Prometheus,
788 2775 845 2828 tam
863 2765 1023 2829 vehemen-

56 2876 106 2928 ter
126 2865 231 2934 iratus,
255 2861 421 2935 Mercurio,
445 2862 470 2924 si
493 2864 540 2927 hie
561 2865 628 2928 illos
651 2884 757 2928 sersus
779 2861 1022 2947 κρεῖσσον-ὑρ-

56 2969 142 3046 yelov
163 2961 218 3043 ipsi
239 2959 352 3022 ironiec
373 2964 570 3044 opposuisset,
593 2985 627 3027 se
645 2962 854 3046 quodammodo
871 2981 1021 3024 excusans

56 3057 278 3142 respondisset:
313 3056 404 3134 οὕτως
430 3057 721 3144 ὑβρίζειν-χρεών,
753 3058 803 3120 sed
825 3058 946 3140 gravius
968 3059 1022 3122 ali·

58 3156 128 3240 quid
150 3165 180 3218 et
201 3155 334 3220 aecrhius
357 3159 537 3240 protulisset.
581 3160 646 3223 lam
668 3178 754 3229 vero,
777 3174 864 3236 quum
886 3173 919 3216 se
937 3176 1021 3219 acer·

56 3254 180 3319 hissime
204 3255 333 3318 locutum
362 3278 429 3321 esse
462 3257 606 3319 sensisset
636 3257 699 3338 ipse
726 3252 937 3327 Prometheus,
973 3253 1020 3320 his

57 3345 163 3439 nempe
184 3365 310 3436 quatuor
324 3355 460 3418 versibus
482 3356 512 3417 in
530 3355 611 3418 illum
626 3355 724 3430 dietis,
747 3352 907 3437 aptissume
922 3353 1018 3416 addit:

57 3449 152 3526 οὑτως
170 3449 296 3536 ὑβρίζειν
315 3451 384 3529 τοὺς
404 3451 572 3536 ὑβρίζοντας
591 3450 690 3537 χρεών.
732 3451 808 3516 Nam
831 3470 938 3512 versus
957 3452 1020 3515 966

55 3551 180 3626 -967,
204 3553 309 3635 quihus
327 3553 492 3627 Mercurius
511 3574 577 3616 cum
595 3552 776 3625 irritaverat,
797 3551 917 3612 fuerunt
936 3571 1019 3614 acer-
