2436 4116
80 390 83 394 ,
127 324 197 387 εει
449 313 779 412 conmonuemus

129 487 268 558 imitans,
295 482 369 545 hano
393 481 451 546 vim
474 483 652 564 habeat,‚ut
672 480 816 556 animum,
838 501 899 545 non
922 502 1026 545 eorum
1050 504 1127 548 soz*

129 588 190 651 lum
214 604 288 668 quae
310 582 430 644 dicenda
453 581 514 643 sint
535 579 776 665 exspectatione,
806 581 1021 644 verumetiam
1045 603 1102 645 nu·

131 697 179 749 tea
208 683 351 746 dictorum
377 681 599 756 recordatione,
633 679 729 743 feriat.
774 685 849 751 τοῖς
873 681 1101 761 πεδαρσίοις

132 780 304 855 κτύποις,
325 786 389 852 ταῖς
409 778 441 841 ἐν
461 786 502 864 τῷ
520 776 628 865 ὑψηλῷ
648 774 701 841 ὑπ’
720 773 811 839 αὐτοῦ
826 777 994 859 γενομέναις
1011 782 1099 861 βρον-

132 889 204 955 ταῖς.
240 877 337 940 schot.
369 877 402 938 Β.
454 877 543 940 Recte
563 876 636 938 vidit
656 874 851 951 Schuetzius,
881 878 953 940 haeo
975 897 1030 960 pro
1053 888 1099 942 to·

134 979 259 1044 nitribus
280 997 346 1039 oum
364 987 547 1058 contemptus
566 975 660 1058 aliqua
680 975 894 1057 significatione
910 975 987 1039 diota
1006 997 1096 1052 esse3

137 1077 222 1163 quasi
251 1075 381 1139 tonitrua
408 1075 492 1139 doris
520 1073 591 1136 nihil
623 1073 700 1137 aliud
731 1074 787 1136 nisi
811 1073 928 1136 inanem
950 1076 1096 1157 quendam

135 1176 288 1260 strepitum
311 1174 450 1238 efficiant.
497 1173 631 1236 Conferri
650 1173 736 1255 jubet
756 1195 786 1235 v.
811 1174 882 1236 925.
994 1183 997 1187 ’

197 1273 235 1336 V.
259 1273 332 1339 920.
363 1272 574 1355 ’ἐπαρκέσει
598 1266 635 1334 τὸ
661 1268 704 1352 μὴ
727 1267 779 1332 οὖ.
822 1270 865 1333 At
888 1271 1091 1354 exprimendas

140 1372 284 1457 ejusmodi
312 1372 475 1435 sententias
503 1364 532 1433 et
558 1366 590 1432 τὸ
620 1366 659 1449 μὴ
686 1380 717 1432 et
733 1365 766 1432 τὸ
787 1366 826 1449 μὴ
848 1365 883 1432 οὖ
906 1371 963 1433 diei
986 1382 1090 1455 potest.

135 1471 207 1535 tttut
230 1465 273 1544 (τό
296 1466 357 1549 μὴ),
372 1469 477 1531 fortius
493 1479 539 1531 est
558 1481 587 1532 et
601 1469 709 1532 iudioat
723 1468 829 1552 aliquid
849 1469 929 1533 nulla
946 1472 1008 1534 iere
1029 1493 1095 1534 omn

137 1568 317 1633 dubitatione
345 1568 534 1650 eonjunetum
562 1567 703 1650 cogitari3
731 1567 1097 1652 quapropter-plerumque

136 1670 171 1732 de
199 1668 288 1730 rebus
317 1667 480 1751 praeteritis
504 1666 558 1729 dioi
589 1666 682 1741 solet,
712 1686 800 1749 quum
824 1668 960 1730 volumus
982 1668 1097 1750 signifi-

136 1788 221 1842 oare,
245 1788 307 1831 noo
326 1770 465 1846 potuisse
482 1768 648 1846 prohiberi,
670 1787 709 1827 πα
736 1767 786 1827 oet
802 1767 858 1827 doc
874 1770 925 1828 oet
943 1768 1025 1830 illud
1033 1774 1098 1850 fie-

134 1873 198 1938 ret,
228 1865 312 1945 qood
331 1865 442 1924 deinde
455 1866 584 1943 sactum
606 1874 662 1926 est.
708 1863 770 1927 Hoo
793 1874 890 1928 autem
914 1862 961 1941 (vd
985 1862 1025 1946 oo}
1046 1865 1097 1943 od)

134 1972 181 2025 est
209 1962 293 2044 ejus,
325 1960 373 2043 qui
404 1961 516 2023 dubitat
543 1962 710 2044 paulutum,
743 1963 812 2046 quin
843 1963 949 2046 aliquid
972 1966 1024 2028 fiat
1044 1967 1097 2029 adi·

134 2061 261 2144 quando.
306 2060 497 2123 Prometheus
519 2061 609 2143 igitur
630 2060 689 2136 ait,
708 2063 788 2122 uidit
805 2062 877 2125 tovi
892 2067 1096 2144 profuturnm

133 2181 215 2236 ease,
244 2182 304 2244 quo
326 2165 429 2222 miuus
450 2164 583 2242 turpiter
603 2163 713 2235 corint,
736 2160 847 2223 dubitat
869 2169 967 2225 tamen
989 2165 1097 2225 nonni-

134 2257 174 2321 hil
193 2270 345 2341 propterea
366 2259 441 2343 quod
463 2259 574 2333 omnia,
597 2280 672 2341 qnae
692 2262 789 2323 totura
808 2269 890 2335 sunt,
912 2272 964 2324 ant
981 2260 1097 2326 incerto

133 2367 204 2419 sunt
225 2369 276 2419 aut
297 2357 400 2420 saitem
423 2359 528 2419 mutari
552 2369 687 2441 possunt.

197 2453 233 2516 V.
257 2455 329 2517 921.
374 2463 501 2518 πεσεῖν
522 2455 694 2536 πτώματα
715 2479 746 2518 v.
771 2456 807 2518 ati
829 2479 859 2520 v.
883 2457 957 2521 903.

91 2623 95 2639 Ι
193 2552 322 2616 11922.
357 2552 712 2635 τοῖονπαλαισιὴν.
743 2554 1090 2640 lusnph.Aj.v.562.

131 2657 210 2712 rotor
230 2649 366 2733 πυλωρὸν
390 2649 507 2729 φύλακα
528 2659 657 2734 Τεῦκρον
678 2650 755 2732 ἀμφὶ
773 2673 819 2715 σοι
832 2657 935 2732 λείψω.
979 2656 1091 2719 Dicitur

131 2756 228 2808 autem
250 2748 345 2822 fitius,
374 2750 423 2831 qui
445 2751 613 2813 nasciturus
635 2762 714 2843 erat,
739 2752 764 2813 si
790 2752 906 2835 nuptias
929 2775 996 2816 oum
1017 2754 1090 2816 The·

130 2844 189 2906 tide
219 2846 338 2910 fecisset
362 2848 484 2932 Jupiter.
538 2849 693 2931 Nunquam
723 2860 820 2912 autem
845 2849 894 2912 ille
923 2863 1087 2923 natusest,

130 2964 218 3026 quum
244 2945 435 3009 Prometheus
466 2946 644 3030 perieulum,
674 2949 749 3029 quod
770 2947 837 3012 Jovi
857 2948 1043 3025 immineret,
1072 2971 1088 3013 e

127 3043 258 3107 vinculis
279 3044 438 3119 liberatus,
462 3045 615 3108 indicaret.
936 3037 937 3040 ¹

189 3142 225 3205 V.
248 3145 320 3206 925.
364 3140 530 3225 βροντάς
551 3141 584 3205 θ’
606 3145 832 3228 exconjectura
852 3145 1086 3211 edidisseBlom·

120 3223 261 3316 iieldnm,
295 3261 383 3323 supra
405 3242 564 3302 notandum
592 3253 667 3305 erut.
721 3244 799 3307 Male
821 3254 918 3307 tamen
941 3245 986 3308 sio
1006 3245 1082 3328 legit,

123 3361 212 3424 quum
237 3342 326 3405 verba
349 3338 576 3422 comparationis
604 3361 621 3402 a
644 3340 765 3404 Graeois
788 3343 927 3426 conjungi
950 3366 1016 3406 oum
1038 3365 1085 3425 ge·

120 3438 214 3503 nitiro
242 3439 323 3504 inter
352 3458 455 3502 omnes
485 3448 611 3501 constet.
664 3438 699 3503 V.
718 3441 838 3504 mauu.
869 3441 922 3504 Gr.
954 3442 1008 3506 Gr.
1043 3464 1080 3504 m.

117 3537 147 3615 §.
169 3539 241 3604 358.
264 3561 292 3622 p.
313 3539 402 3612 837,
427 3536 475 3600 ubi
492 3533 680 3619 ὑπερβάλλειν
698 3559 725 3601 o.
748 3560 816 3621 gen.
836 3550 1083 3604 commemoratur
