<?xml version="1.0" encoding="UTF-8"?>
<!DOCTYPE html PUBLIC "-//W3C//DTD XHTML 1.0 Transitional//EN"
    "http://www.w3.org/TR/xhtml1/DTD/xhtml1-transitional.dtd">
<html xmlns="http://www.w3.org/1999/xhtml" xml:lang="en" lang="en">
 <head>
  <title>
</title>
<meta http-equiv="Content-Type" content="text/html;charset=utf-8" />
  <meta name='ocr-system' content='tesseract 3.04.00' />
  <meta name='ocr-capabilities' content='ocr_page ocr_carea ocr_par ocr_line ocrx_word'/>
</head>
<body>
  <div class='ocr_page' id='page_1' title='image "./tragoediae01aescgoog_0264.png"; bbox 0 0 2436 4116; ppageno 0'>
   <div class='ocr_carea' id='block_1_1' title="bbox 95 259 756 370">
    <p class='ocr_par' dir='ltr' id='par_1_1' title="bbox 95 259 756 370">
     <span class='ocr_line' id='line_1_1' title="bbox 95 259 756 370; baseline -0.008 0"><span class='ocrx_word' id='word_1_1' title='bbox 95 267 186 370; x_wconf 72' lang='grc' dir='ltr'>’νον</span> <span class='ocrx_word' id='word_1_2' title='bbox 331 282 336 297; x_wconf 83' lang='grc'><strong>“</strong></span> <span class='ocrx_word' id='word_1_3' title='bbox 428 259 756 368; x_wconf 75' lang='lat' dir='ltr'>commoneamus</span> 
     </span>
    </p>
   </div>
   <div class='ocr_carea' id='block_1_2' title="bbox 119 467 1104 3611">
    <p class='ocr_par' dir='ltr' id='par_1_2' title="bbox 119 467 1082 653">
     <span class='ocr_line' id='line_1_2' title="bbox 119 467 1082 553; baseline -0.005 -18"><span class='ocrx_word' id='word_1_4' title='bbox 119 468 346 543; x_wconf 73' lang='lat' dir='ltr'><strong>Grammaticis,</strong></span> <span class='ocrx_word' id='word_1_5' title='bbox 384 479 416 533; x_wconf 90' lang='lat' dir='ltr'>ut</span> <span class='ocrx_word' id='word_1_6' title='bbox 444 479 474 533; x_wconf 89' lang='lat' dir='ltr'>ct</span> <span class='ocrx_word' id='word_1_7' title='bbox 501 470 589 553; x_wconf 90' lang='lat' dir='ltr'>hujus</span> <span class='ocrx_word' id='word_1_8' title='bbox 622 469 761 533; x_wconf 74' lang='lat' dir='ltr'>dramatis</span> <span class='ocrx_word' id='word_1_9' title='bbox 794 467 960 532; x_wconf 89' lang='lat' dir='ltr'>Promethei</span> <span class='ocrx_word' id='word_1_10' title='bbox 992 467 1082 532; x_wconf 88' lang='lat' dir='ltr'>vincti</span> 
     </span>
     <span class='ocr_line' id='line_1_3' title="bbox 120 569 832 653; baseline -0.006 -19"><span class='ocrx_word' id='word_1_11' title='bbox 120 591 238 634; x_wconf 85' lang='lat' dir='ltr'>scenam</span> <span class='ocrx_word' id='word_1_12' title='bbox 262 590 412 653; x_wconf 81' lang='lat' dir='ltr'>perperam</span> <span class='ocrx_word' id='word_1_13' title='bbox 434 569 465 631; x_wconf 93' lang='lat' dir='ltr'>in</span> <span class='ocrx_word' id='word_1_14' title='bbox 488 569 621 632; x_wconf 85' lang='lat' dir='ltr'>Caucaso</span> <span class='ocrx_word' id='word_1_15' title='bbox 644 578 832 651; x_wconf 80' lang='lat' dir='ltr'>quaererent.</span> 
     </span>
    </p>

    <p class='ocr_par' dir='ltr' id='par_1_3' title="bbox 122 665 1084 1126">
     <span class='ocr_line' id='line_1_4' title="bbox 185 665 1083 750; baseline -0.003 -20"><span class='ocrx_word' id='word_1_16' title='bbox 185 668 220 730; x_wconf 89' lang='lat' dir='ltr'>V.</span> <span class='ocrx_word' id='word_1_17' title='bbox 241 669 332 730; x_wconf 78' lang='lat'>1024.</span> <span class='ocrx_word' id='word_1_18' title='bbox 373 667 458 729; x_wconf 80' lang='lat' dir='ltr'>(loni.</span> <span class='ocrx_word' id='word_1_19' title='bbox 482 667 646 732; x_wconf 70' lang='lat' dir='ltr'>Promethei</span> <span class='ocrx_word' id='word_1_20' title='bbox 669 666 761 730; x_wconf 88' lang='lat' dir='ltr'>Soluti</span> <span class='ocrx_word' id='word_1_21' title='bbox 778 668 988 750; x_wconf 78' lang='lat' dir='ltr'>fragmentum,</span> <span class='ocrx_word' id='word_1_22' title='bbox 1010 665 1083 747; x_wconf 90' lang='lat' dir='ltr'>quod</span> 
     </span>
     <span class='ocr_line' id='line_1_5' title="bbox 122 764 1084 842; baseline -0.005 -12"><span class='ocrx_word' id='word_1_23' title='bbox 122 768 226 830; x_wconf 88' lang='lat' dir='ltr'>Cicero</span> <span class='ocrx_word' id='word_1_24' title='bbox 254 765 344 827; x_wconf 89' lang='lat' dir='ltr'>latine</span> <span class='ocrx_word' id='word_1_25' title='bbox 372 767 481 842; x_wconf 82' lang='lat' dir='ltr'>vertit,</span> <span class='ocrx_word' id='word_1_26' title='bbox 513 789 529 829; x_wconf 90' lang='lat' dir='ltr'>a</span> <span class='ocrx_word' id='word_1_27' title='bbox 561 765 646 829; x_wconf 86' lang='lat' dir='ltr'>nolis</span> <span class='ocrx_word' id='word_1_28' title='bbox 676 764 835 828; x_wconf 84' lang='lat' dir='ltr'>vernacule</span> <span class='ocrx_word' id='word_1_29' title='bbox 858 765 1034 827; x_wconf 88' lang='lat' dir='ltr'>translatum</span> <span class='ocrx_word' id='word_1_30' title='bbox 1057 764 1084 825; x_wconf 93' lang='lat' dir='ltr'>in</span> 
     </span>
     <span class='ocr_line' id='line_1_6' title="bbox 122 861 1083 948; baseline -0.003 -21"><span class='ocrx_word' id='word_1_31' title='bbox 122 865 219 928; x_wconf 84' lang='lat' dir='ltr'>Pracl.</span> <span class='ocrx_word' id='word_1_32' title='bbox 242 865 276 925; x_wconf 90' lang='lat' dir='ltr'>ad</span> <span class='ocrx_word' id='word_1_33' title='bbox 290 863 378 948; x_wconf 85' lang='lat' dir='ltr'>hujus</span> <span class='ocrx_word' id='word_1_34' title='bbox 396 865 563 948; x_wconf 82' lang='lat' dir='ltr'>tragoediae</span> <span class='ocrx_word' id='word_1_35' title='bbox 580 864 747 928; x_wconf 89' lang='lat' dir='ltr'>Germanic.</span> <span class='ocrx_word' id='word_1_36' title='bbox 766 863 905 946; x_wconf 89' lang='lat' dir='ltr'>luterpp.,</span> <span class='ocrx_word' id='word_1_37' title='bbox 928 885 954 947; x_wconf 89' lang='lat' dir='ltr'>p.</span> <span class='ocrx_word' id='word_1_38' title='bbox 973 861 1083 925; x_wconf 75' lang='lat' dir='ltr'>xxiv.</span> 
     </span>
     <span class='ocr_line' id='line_1_7' title="bbox 124 959 1083 1045; baseline -0.003 -19"><span class='ocrx_word' id='word_1_39' title='bbox 124 982 186 1045; x_wconf 89' lang='lat' dir='ltr'>sqq.</span> <span class='ocrx_word' id='word_1_40' title='bbox 210 959 305 1035; x_wconf 77' lang='grc' dir='ltr'><strong><em>αἰετὸς</em></strong></span> <span class='ocrx_word' id='word_1_41' title='bbox 326 974 451 1026; x_wconf 87' lang='lat' dir='ltr'>vocatur</span> <span class='ocrx_word' id='word_1_42' title='bbox 472 961 555 1028; x_wconf 83' lang='lat' dir='ltr'>lovis</span> <span class='ocrx_word' id='word_1_43' title='bbox 584 961 694 1040; x_wconf 79' lang='grc' dir='ltr'><strong><em>κύων,</em></strong></span> <span class='ocrx_word' id='word_1_44' title='bbox 727 967 831 1038; x_wconf 78' lang='lat' dir='ltr'>canis,</span> <span class='ocrx_word' id='word_1_45' title='bbox 860 962 881 1024; x_wconf 92' lang='lat' dir='ltr'>i.</span> <span class='ocrx_word' id='word_1_46' title='bbox 903 982 930 1026; x_wconf 91' lang='lat' dir='ltr'>c.</span> <span class='ocrx_word' id='word_1_47' title='bbox 956 962 1083 1024; x_wconf 81' lang='lat' dir='ltr'>satelles.</span> 
     </span>
     <span class='ocr_line' id='line_1_8' title="bbox 124 1062 375 1126; baseline -0.004 -1"><span class='ocrx_word' id='word_1_48' title='bbox 124 1062 170 1126; x_wconf 82' lang='lat' dir='ltr'>Cf.</span> <span class='ocrx_word' id='word_1_49' title='bbox 194 1063 229 1124; x_wconf 89' lang='lat' dir='ltr'>ad</span> <span class='ocrx_word' id='word_1_50' title='bbox 251 1084 281 1124; x_wconf 85' lang='lat' dir='ltr'>v.</span> <span class='ocrx_word' id='word_1_51' title='bbox 303 1062 375 1125; x_wconf 80' lang='lat'><strong>805.</strong></span> 
     </span>
    </p>

    <p class='ocr_par' dir='ltr' id='par_1_4' title="bbox 124 1157 1089 2028">
     <span class='ocr_line' id='line_1_9' title="bbox 185 1157 1085 1242; baseline -0.001 -18"><span class='ocrx_word' id='word_1_52' title='bbox 185 1159 223 1224; x_wconf 86' lang='lat' dir='ltr'>V.</span> <span class='ocrx_word' id='word_1_53' title='bbox 248 1160 338 1223; x_wconf 77' lang='lat'><strong>1026.</strong></span> <span class='ocrx_word' id='word_1_54' title='bbox 383 1157 555 1242; x_wconf 66' lang='grc' dir='ltr'><strong><em>ἄκλητος,</em></strong></span> <span class='ocrx_word' id='word_1_55' title='bbox 579 1182 642 1222; x_wconf 82' lang='lat' dir='ltr'>non</span> <span class='ocrx_word' id='word_1_56' title='bbox 663 1167 811 1239; x_wconf 82' lang='lat' dir='ltr'>vocotus,</span> <span class='ocrx_word' id='word_1_57' title='bbox 832 1158 931 1242; x_wconf 90' lang='lat' dir='ltr'>itaque</span> <span class='ocrx_word' id='word_1_58' title='bbox 953 1182 1017 1223; x_wconf 84' lang='lat' dir='ltr'>non</span> <span class='ocrx_word' id='word_1_59' title='bbox 1038 1181 1085 1222; x_wconf 85' lang='lat' dir='ltr'>uc-</span> 
     </span>
     <span class='ocr_line' id='line_1_10' title="bbox 124 1258 1087 1345; baseline 0 -25"><span class='ocrx_word' id='word_1_60' title='bbox 124 1268 252 1341; x_wconf 77' lang='lat' dir='ltr'>ceptus,</span> <span class='ocrx_word' id='word_1_61' title='bbox 280 1261 447 1331; x_wconf 86' lang='lat' dir='ltr'>molestus,</span> <span class='ocrx_word' id='word_1_62' title='bbox 477 1261 662 1345; x_wconf 75' lang='lat' dir='ltr'>torpedines.</span> <span class='ocrx_word' id='word_1_63' title='bbox 713 1259 823 1321; x_wconf 85' lang='lat' dir='ltr'>Deinde</span> <span class='ocrx_word' id='word_1_64' title='bbox 850 1258 1013 1342; x_wconf 89' lang='lat' dir='ltr'>appellatur</span> <span class='ocrx_word' id='word_1_65' title='bbox 1031 1284 1087 1322; x_wconf 81' lang='grc' dir='ltr'>κο-</span> 
     </span>
     <span class='ocr_line' id='line_1_11' title="bbox 125 1351 1087 1440; baseline -0.004 -19"><span class='ocrx_word' id='word_1_66' title='bbox 125 1354 296 1439; x_wconf 76' lang='grc' dir='ltr'><strong><em>νημερος,</em></strong></span> <span class='ocrx_word' id='word_1_67' title='bbox 317 1358 353 1420; x_wconf 91' lang='lat' dir='ltr'>de</span> <span class='ocrx_word' id='word_1_68' title='bbox 376 1378 432 1439; x_wconf 94' lang='lat' dir='ltr'>qno</span> <span class='ocrx_word' id='word_1_69' title='bbox 450 1351 605 1433; x_wconf 88' lang='lat' dir='ltr'>vocabulo,</span> <span class='ocrx_word' id='word_1_70' title='bbox 636 1357 702 1440; x_wconf 91' lang='lat' dir='ltr'>quia</span> <span class='ocrx_word' id='word_1_71' title='bbox 722 1358 826 1420; x_wconf 82' lang='lat' dir='ltr'>Cicero</span> <span class='ocrx_word' id='word_1_72' title='bbox 843 1357 1004 1419; x_wconf 92' lang='lat' dir='ltr'>secundum</span> <span class='ocrx_word' id='word_1_73' title='bbox 1021 1357 1087 1418; x_wconf 90' lang='lat' dir='ltr'>Pro·</span> 
     </span>
     <span class='ocr_line' id='line_1_12' title="bbox 126 1453 1087 1538; baseline 0 -21"><span class='ocrx_word' id='word_1_74' title='bbox 126 1453 275 1517; x_wconf 91' lang='lat' dir='ltr'>methenm</span> <span class='ocrx_word' id='word_1_75' title='bbox 309 1455 443 1516; x_wconf 92' lang='lat' dir='ltr'>Solutum</span> <span class='ocrx_word' id='word_1_76' title='bbox 473 1459 575 1538; x_wconf 85' lang='lat' dir='ltr'>prodat</span> <span class='ocrx_word' id='word_1_77' title='bbox 605 1461 694 1518; x_wconf 84' lang='lat' dir='ltr'>tertio</span> <span class='ocrx_word' id='word_1_78' title='bbox 722 1477 841 1538; x_wconf 79' lang='lat' dir='ltr'>quoque</span> <span class='ocrx_word' id='word_1_79' title='bbox 869 1455 914 1517; x_wconf 91' lang='lat' dir='ltr'>die</span> <span class='ocrx_word' id='word_1_80' title='bbox 936 1455 1087 1518; x_wconf 86' lang='lat' dir='ltr'>advolasse</span> 
     </span>
     <span class='ocr_line' id='line_1_13' title="bbox 127 1551 1089 1637; baseline 0.002 -23"><span class='ocrx_word' id='word_1_81' title='bbox 127 1552 267 1635; x_wconf 87' lang='lat' dir='ltr'>aquilam,</span> <span class='ocrx_word' id='word_1_82' title='bbox 289 1551 346 1614; x_wconf 90' lang='lat' dir='ltr'>viri</span> <span class='ocrx_word' id='word_1_83' title='bbox 366 1554 440 1614; x_wconf 88' lang='lat' dir='ltr'>docti</span> <span class='ocrx_word' id='word_1_84' title='bbox 460 1555 640 1629; x_wconf 89' lang='lat' dir='ltr'>dubitarunt,</span> <span class='ocrx_word' id='word_1_85' title='bbox 665 1575 751 1636; x_wconf 90' lang='lat' dir='ltr'>quum</span> <span class='ocrx_word' id='word_1_86' title='bbox 775 1554 830 1616; x_wconf 85' lang='lat' dir='ltr'>lroc</span> <span class='ocrx_word' id='word_1_87' title='bbox 849 1553 996 1637; x_wconf 84' lang='lat' dir='ltr'>epitheton</span> <span class='ocrx_word' id='word_1_88' title='bbox 1016 1575 1089 1636; x_wconf 82' lang='lat' dir='ltr'>qno·</span> 
     </span>
     <span class='ocr_line' id='line_1_14' title="bbox 127 1653 1087 1734; baseline 0 -22"><span class='ocrx_word' id='word_1_89' title='bbox 127 1653 202 1712; x_wconf 79' lang='lat' dir='ltr'>tidie</span> <span class='ocrx_word' id='word_1_90' title='bbox 224 1653 390 1712; x_wconf 81' lang='lat' dir='ltr'>accessisse</span> <span class='ocrx_word' id='word_1_91' title='bbox 413 1655 549 1733; x_wconf 80' lang='lat' dir='ltr'>aquilam</span> <span class='ocrx_word' id='word_1_92' title='bbox 571 1653 821 1734; x_wconf 88' lang='lat' dir='ltr'>interpretandum</span> <span class='ocrx_word' id='word_1_93' title='bbox 844 1663 1012 1714; x_wconf 86' lang='lat' dir='ltr'>censerent.</span> <span class='ocrx_word' id='word_1_94' title='bbox 1052 1655 1087 1715; x_wconf 83' lang='lat' dir='ltr'>dt</span> 
     </span>
     <span class='ocr_line' id='line_1_15' title="bbox 128 1742 1087 1833; baseline 0.001 -22"><span class='ocrx_word' id='word_1_95' title='bbox 128 1759 209 1812; x_wconf 87' lang='lat' dir='ltr'>recte</span> <span class='ocrx_word' id='word_1_96' title='bbox 235 1748 262 1809; x_wconf 91' lang='lat' dir='ltr'>id</span> <span class='ocrx_word' id='word_1_97' title='bbox 293 1747 390 1810; x_wconf 86' lang='lat' dir='ltr'>Sclrol.</span> <span class='ocrx_word' id='word_1_98' title='bbox 414 1750 446 1810; x_wconf 84' lang='lat' dir='ltr'>B.</span> <span class='ocrx_word' id='word_1_99' title='bbox 479 1747 625 1830; x_wconf 74' lang='grc' dir='ltr'><em>δαιτυμὼν</em></span> <span class='ocrx_word' id='word_1_100' title='bbox 647 1747 696 1812; x_wconf 76' lang='lat' dir='ltr'>ded</span> <span class='ocrx_word' id='word_1_101' title='bbox 717 1747 815 1830; x_wconf 75' lang='grc' dir='ltr'><strong><em>πάσης</em></strong></span> <span class='ocrx_word' id='word_1_102' title='bbox 836 1742 889 1830; x_wconf 81' lang='grc' dir='ltr'>τῆςΙ</span> <span class='ocrx_word' id='word_1_103' title='bbox 908 1747 1018 1833; x_wconf 69' lang='grc' dir='ltr'><em>ἡμέρας</em></span> <span class='ocrx_word' id='word_1_104' title='bbox 1037 1771 1087 1812; x_wconf 83' lang='lat' dir='ltr'>cx·</span> 
     </span>
     <span class='ocr_line' id='line_1_16' title="bbox 129 1845 1089 1933; baseline 0.002 -25"><span class='ocrx_word' id='word_1_105' title='bbox 129 1847 229 1930; x_wconf 87' lang='lat' dir='ltr'>plicat,</span> <span class='ocrx_word' id='word_1_106' title='bbox 252 1845 414 1928; x_wconf 90' lang='lat' dir='ltr'>diciturque</span> <span class='ocrx_word' id='word_1_107' title='bbox 436 1847 532 1930; x_wconf 89' lang='lat' dir='ltr'>aquila</span> <span class='ocrx_word' id='word_1_108' title='bbox 554 1855 682 1912; x_wconf 81' lang='lat' dir='ltr'>convica</span> <span class='ocrx_word' id='word_1_109' title='bbox 700 1851 841 1924; x_wconf 78' lang='lat' dir='ltr'>dicamus,</span> <span class='ocrx_word' id='word_1_110' title='bbox 864 1848 913 1931; x_wconf 90' lang='lat' dir='ltr'>qui</span> <span class='ocrx_word' id='word_1_111' title='bbox 931 1869 984 1933; x_wconf 91' lang='lat' dir='ltr'>per</span> <span class='ocrx_word' id='word_1_112' title='bbox 999 1860 1089 1912; x_wconf 92' lang='lat' dir='ltr'>totum</span> 
     </span>
     <span class='ocr_line' id='line_1_17' title="bbox 129 1945 403 2028; baseline 0.004 -21"><span class='ocrx_word' id='word_1_113' title='bbox 129 1945 203 2008; x_wconf 92' lang='lat' dir='ltr'>diem</span> <span class='ocrx_word' id='word_1_114' title='bbox 223 1945 311 2028; x_wconf 90' lang='lat' dir='ltr'>jecur</span> <span class='ocrx_word' id='word_1_115' title='bbox 333 1946 403 2008; x_wconf 86' lang='lat' dir='ltr'>edit.</span> 
     </span>
    </p>

    <p class='ocr_par' dir='ltr' id='par_1_5' title="bbox 192 2036 1091 2133">
     <span class='ocr_line' id='line_1_18' title="bbox 192 2036 1091 2133; baseline -0.001 -26"><span class='ocrx_word' id='word_1_116' title='bbox 192 2044 229 2107; x_wconf 80' lang='lat' dir='ltr'>V.</span> <span class='ocrx_word' id='word_1_117' title='bbox 252 2044 343 2108; x_wconf 79' lang='lat'><strong>1027.</strong></span> <span class='ocrx_word' id='word_1_118' title='bbox 378 2041 681 2126; x_wconf 79' lang='grc' dir='ltr'><strong><em>κελαινόβρωτον</em></strong></span> <span class='ocrx_word' id='word_1_119' title='bbox 702 2036 813 2128; x_wconf 76' lang='grc' dir='ltr'><strong><em>ἧπαρ,</em></strong></span> <span class='ocrx_word' id='word_1_120' title='bbox 835 2045 856 2107; x_wconf 81' lang='lat' dir='ltr'>i.</span> <span class='ocrx_word' id='word_1_121' title='bbox 871 2066 898 2108; x_wconf 88' lang='lat' dir='ltr'>e.</span> <span class='ocrx_word' id='word_1_122' title='bbox 919 2051 991 2133; x_wconf 80' lang='lat' dir='ltr'>atrq</span> <span class='ocrx_word' id='word_1_123' title='bbox 1006 2046 1091 2107; x_wconf 87' lang='lat' dir='ltr'>mode</span> 
     </span>
    </p>

    <p class='ocr_par' dir='ltr' id='par_1_6' title="bbox 130 2142 1099 3015">
     <span class='ocr_line' id='line_1_19' title="bbox 132 2142 1091 2229; baseline -0.002 -21"><span class='ocrx_word' id='word_1_124' title='bbox 132 2148 274 2208; x_wconf 83' lang='lat' dir='ltr'>adesum.</span> <span class='ocrx_word' id='word_1_125' title='bbox 325 2142 518 2205; x_wconf 87' lang='lat' dir='ltr'>Schuetzius:</span> <span class='ocrx_word' id='word_1_126' title='bbox 554 2165 621 2228; x_wconf 91' lang='lat' dir='ltr'>pars</span> <span class='ocrx_word' id='word_1_127' title='bbox 650 2144 790 2229; x_wconf 79' lang='lat' dir='ltr'>Jecinoris</span> <span class='ocrx_word' id='word_1_128' title='bbox 817 2145 906 2208; x_wconf 90' lang='lat' dir='ltr'>adesa</span> <span class='ocrx_word' id='word_1_129' title='bbox 934 2153 1000 2207; x_wconf 91' lang='lat' dir='ltr'>atro</span> <span class='ocrx_word' id='word_1_130' title='bbox 1028 2145 1091 2206; x_wconf 87' lang='lat' dir='ltr'>tabo</span> 
     </span>
     <span class='ocr_line' id='line_1_20' title="bbox 132 2245 962 2333; baseline -0.006 -25"><span class='ocrx_word' id='word_1_131' title='bbox 132 2245 314 2308; x_wconf 86' lang='lat' dir='ltr'>foedabatur.</span> <span class='ocrx_word' id='word_1_132' title='bbox 716 2320 719 2333; x_wconf 36' lang='grc' dir='ltr'>Ι</span> <span class='ocrx_word' id='word_1_133' title='bbox 958 2318 962 2325; x_wconf 69' lang='lat'>‚</span> 
     </span>
     <span class='ocr_line' id='line_1_21' title="bbox 130 2336 1093 2421; baseline -0.008 -13"><span class='ocrx_word' id='word_1_134' title='bbox 130 2336 141 2347; x_wconf 66' lang='grc'><strong><em>’</em></strong></span> <span class='ocrx_word' id='word_1_135' title='bbox 193 2342 345 2407; x_wconf 77' lang='lat' dir='ltr'><strong>V.1029.</strong></span> <span class='ocrx_word' id='word_1_136' title='bbox 390 2345 490 2403; x_wconf 80' lang='grc' dir='ltr'><strong><em>θεῶν</em></strong></span> <span class='ocrx_word' id='word_1_137' title='bbox 509 2363 562 2413; x_wconf 86' lang='grc' dir='ltr'>τις</span> <span class='ocrx_word' id='word_1_138' title='bbox 584 2336 766 2421; x_wconf 75' lang='grc' dir='ltr'><strong><em>διάδοχος.</em></strong></span> <span class='ocrx_word' id='word_1_139' title='bbox 811 2337 1093 2402; x_wconf 76' lang='lat' dir='ltr'>Schuetziusanul·</span> 
     </span>
     <span class='ocr_line' id='line_1_22' title="bbox 132 2437 1092 2527; baseline -0.007 -22"><span class='ocrx_word' id='word_1_140' title='bbox 132 2441 179 2505; x_wconf 92' lang='lat' dir='ltr'>lus</span> <span class='ocrx_word' id='word_1_141' title='bbox 196 2441 281 2524; x_wconf 88' lang='lat' dir='ltr'>plane</span> <span class='ocrx_word' id='word_1_142' title='bbox 301 2438 351 2501; x_wconf 90' lang='lat' dir='ltr'>tihi</span> <span class='ocrx_word' id='word_1_143' title='bbox 372 2437 428 2501; x_wconf 89' lang='lat' dir='ltr'>erit</span> <span class='ocrx_word' id='word_1_144' title='bbox 445 2438 512 2500; x_wconf 89' lang='lat' dir='ltr'>linis</span> <span class='ocrx_word' id='word_1_145' title='bbox 530 2460 747 2506; x_wconf 83' lang='lat' dir='ltr'>aerumnarum.</span> <span class='ocrx_word' id='word_1_146' title='bbox 794 2438 998 2527; x_wconf 73' lang='lat' dir='ltr'>Conditioucm</span> <span class='ocrx_word' id='word_1_147' title='bbox 1017 2437 1092 2499; x_wconf 91' lang='lat' dir='ltr'>enim</span> 
     </span>
     <span class='ocr_line' id='line_1_23' title="bbox 132 2536 1090 2621; baseline -0.007 -19"><span class='ocrx_word' id='word_1_148' title='bbox 132 2537 314 2602; x_wconf 88' lang='lat' dir='ltr'>liberationis</span> <span class='ocrx_word' id='word_1_149' title='bbox 344 2536 440 2612; x_wconf 87' lang='lat' dir='ltr'>addit,</span> <span class='ocrx_word' id='word_1_150' title='bbox 474 2540 548 2618; x_wconf 87' lang='lat' dir='ltr'>quae</span> <span class='ocrx_word' id='word_1_151' title='bbox 576 2537 656 2600; x_wconf 94' lang='lat' dir='ltr'>nullo</span> <span class='ocrx_word' id='word_1_152' title='bbox 685 2548 768 2621; x_wconf 93' lang='lat' dir='ltr'>pacto</span> <span class='ocrx_word' id='word_1_153' title='bbox 798 2547 863 2600; x_wconf 87' lang='lat' dir='ltr'>erat</span> <span class='ocrx_word' id='word_1_154' title='bbox 884 2537 1090 2618; x_wconf 83' lang='lat' dir='ltr'>exspectanda.</span> 
     </span>
     <span class='ocr_line' id='line_1_24' title="bbox 135 2633 1091 2718; baseline -0.004 -18"><span class='ocrx_word' id='word_1_155' title='bbox 135 2637 244 2700; x_wconf 89' lang='lat' dir='ltr'>Similis</span> <span class='ocrx_word' id='word_1_156' title='bbox 265 2637 359 2718; x_wconf 82' lang='lat' dir='ltr'>figura</span> <span class='ocrx_word' id='word_1_157' title='bbox 388 2633 523 2698; x_wconf 90' lang='lat' dir='ltr'>dictionis</span> <span class='ocrx_word' id='word_1_158' title='bbox 545 2635 577 2698; x_wconf 90' lang='lat' dir='ltr'>iu</span> <span class='ocrx_word' id='word_1_159' title='bbox 596 2636 647 2699; x_wconf 91' lang='lat' dir='ltr'>illo</span> <span class='ocrx_word' id='word_1_160' title='bbox 667 2635 865 2700; x_wconf 81' lang='lat' dir='ltr'>Terentiano:</span> <span class='ocrx_word' id='word_1_161' title='bbox 898 2635 990 2698; x_wconf 81' lang='lat' dir='ltr'>Andr.</span> <span class='ocrx_word' id='word_1_162' title='bbox 1016 2635 1039 2707; x_wconf 94' lang='lat' dir='ltr'>l,</span> <span class='ocrx_word' id='word_1_163' title='bbox 1061 2637 1091 2707; x_wconf 81' lang='lat'>2,</span> 
     </span>
     <span class='ocr_line' id='line_1_25' title="bbox 135 2735 1094 2818; baseline -0.004 -19"><span class='ocrx_word' id='word_1_164' title='bbox 135 2738 187 2799; x_wconf 78' lang='lat'>29.</span> <span class='ocrx_word' id='word_1_165' title='bbox 239 2735 421 2796; x_wconf 77' lang='lat' dir='ltr'>Verberibus</span> <span class='ocrx_word' id='word_1_166' title='bbox 443 2754 570 2796; x_wconf 84' lang='lat' dir='ltr'>caesum</span> <span class='ocrx_word' id='word_1_167' title='bbox 589 2744 620 2796; x_wconf 83' lang='lat' dir='ltr'>te</span> <span class='ocrx_word' id='word_1_168' title='bbox 640 2738 673 2797; x_wconf 83' lang='lat' dir='ltr'>in</span> <span class='ocrx_word' id='word_1_169' title='bbox 690 2739 873 2818; x_wconf 76' lang='lat' dir='ltr'>pistrinum,</span> <span class='ocrx_word' id='word_1_170' title='bbox 910 2735 1014 2810; x_wconf 84' lang='lat' dir='ltr'>Daue,</span> <span class='ocrx_word' id='word_1_171' title='bbox 1045 2736 1094 2796; x_wconf 79' lang='lat' dir='ltr'>ile·</span> 
     </span>
     <span class='ocr_line' id='line_1_26' title="bbox 136 2834 1099 2918; baseline -0.004 -22"><span class='ocrx_word' id='word_1_172' title='bbox 136 2834 209 2896; x_wconf 83' lang='lat' dir='ltr'>dum</span> <span class='ocrx_word' id='word_1_173' title='bbox 229 2852 328 2915; x_wconf 82' lang='lat' dir='ltr'>usque</span> <span class='ocrx_word' id='word_1_174' title='bbox 350 2834 393 2894; x_wconf 84' lang='lat' dir='ltr'>cd</span> <span class='ocrx_word' id='word_1_175' title='bbox 413 2852 537 2906; x_wconf 84' lang='lat' dir='ltr'>necem,</span> <span class='ocrx_word' id='word_1_176' title='bbox 552 2834 559 2841; x_wconf 81' lang='lat'>&#39;</span> <span class='ocrx_word' id='word_1_177' title='bbox 574 2837 633 2897; x_wconf 74' lang='lat' dir='ltr'>lenc</span> <span class='ocrx_word' id='word_1_178' title='bbox 657 2837 725 2918; x_wconf 77' lang='lat' dir='ltr'>lege</span> <span class='ocrx_word' id='word_1_179' title='bbox 746 2845 840 2917; x_wconf 81' lang='lat' dir='ltr'>atque</span> <span class='ocrx_word' id='word_1_180' title='bbox 859 2836 973 2909; x_wconf 85' lang='lat' dir='ltr'>omine,</span> <span class='ocrx_word' id='word_1_181' title='bbox 996 2840 1050 2911; x_wconf 86' lang='lat' dir='ltr'>ut,</span> <span class='ocrx_word' id='word_1_182' title='bbox 1071 2834 1099 2892; x_wconf 81' lang='lat' dir='ltr'>si</span> 
     </span>
     <span class='ocr_line' id='line_1_27' title="bbox 136 2933 918 3015; baseline -0.001 -20"><span class='ocrx_word' id='word_1_183' title='bbox 136 2933 260 2995; x_wconf 76' lang='lat' dir='ltr'>deinde</span> <span class='ocrx_word' id='word_1_184' title='bbox 282 2935 462 3007; x_wconf 81' lang='lat' dir='ltr'>cremerim,</span> <span class='ocrx_word' id='word_1_185' title='bbox 485 2953 542 3015; x_wconf 82' lang='lat' dir='ltr'>ego</span> <span class='ocrx_word' id='word_1_186' title='bbox 562 2955 620 3014; x_wconf 84' lang='lat' dir='ltr'>pro</span> <span class='ocrx_word' id='word_1_187' title='bbox 641 2943 671 2995; x_wconf 82' lang='lat' dir='ltr'>te</span> <span class='ocrx_word' id='word_1_188' title='bbox 691 2936 846 2997; x_wconf 85' lang='lat' dir='ltr'>molam.“</span> <span class='ocrx_word' id='word_1_189' title='bbox 915 2955 918 2961; x_wconf 94' lang='lat'>·</span> 
     </span>
    </p>

    <p class='ocr_par' dir='ltr' id='par_1_7' title="bbox 138 3030 1094 3215">
     <span class='ocr_line' id='line_1_28' title="bbox 200 3030 1094 3112; baseline 0.001 -18"><span class='ocrx_word' id='word_1_190' title='bbox 200 3030 237 3095; x_wconf 90' lang='lat' dir='ltr'>V.</span> <span class='ocrx_word' id='word_1_191' title='bbox 263 3031 359 3102; x_wconf 67' lang='lat'>1033·⁴</span> <span class='ocrx_word' id='word_1_192' title='bbox 399 3032 482 3093; x_wconf 85' lang='grc' dir='ltr'><strong><em>λίαν</em></strong></span> <span class='ocrx_word' id='word_1_193' title='bbox 509 3032 699 3112; x_wconf 77' lang='grc' dir='ltr'><strong><em>εἰρημένος,</em></strong></span> <span class='ocrx_word' id='word_1_194' title='bbox 735 3033 828 3095; x_wconf 80' lang='lat' dir='ltr'>valde</span> <span class='ocrx_word' id='word_1_195' title='bbox 856 3034 994 3110; x_wconf 78' lang='lat' dir='ltr'>edictus,</span> <span class='ocrx_word' id='word_1_196' title='bbox 1024 3034 1044 3097; x_wconf 85' lang='lat' dir='ltr'>i.</span> <span class='ocrx_word' id='word_1_197' title='bbox 1070 3055 1094 3097; x_wconf 85' lang='lat' dir='ltr'>e.</span> 
     </span>
     <span class='ocr_line' id='line_1_29' title="bbox 138 3127 1043 3215; baseline 0.002 -20"><span class='ocrx_word' id='word_1_198' title='bbox 138 3128 271 3215; x_wconf 84' lang='lat' dir='ltr'>graviter</span> <span class='ocrx_word' id='word_1_199' title='bbox 292 3141 321 3192; x_wconf 84' lang='lat' dir='ltr'>et</span> <span class='ocrx_word' id='word_1_200' title='bbox 343 3128 421 3191; x_wconf 91' lang='lat' dir='ltr'>serio</span> <span class='ocrx_word' id='word_1_201' title='bbox 444 3129 518 3192; x_wconf 88' lang='lat' dir='ltr'>dicta</span> <span class='ocrx_word' id='word_1_202' title='bbox 540 3132 649 3203; x_wconf 87' lang='lat' dir='ltr'>verba,</span> <span class='ocrx_word' id='word_1_203' title='bbox 671 3132 736 3192; x_wconf 83' lang='grc' dir='ltr'><strong><em>λλον</em></strong></span> <span class='ocrx_word' id='word_1_204' title='bbox 758 3127 857 3212; x_wconf 76' lang='grc' dir='ltr'><strong><em>ἀληθῆ</em></strong></span> <span class='ocrx_word' id='word_1_205' title='bbox 882 3132 980 3196; x_wconf 85' lang='lat' dir='ltr'>Schol.</span> <span class='ocrx_word' id='word_1_206' title='bbox 1005 3133 1043 3197; x_wconf 92' lang='grc' dir='ltr'>Α.</span> 
     </span>
    </p>

    <p class='ocr_par' dir='ltr' id='par_1_8' title="bbox 139 3225 1098 3510">
     <span class='ocr_line' id='line_1_30' title="bbox 198 3225 1094 3314; baseline 0.001 -24"><span class='ocrx_word' id='word_1_207' title='bbox 198 3227 235 3290; x_wconf 89' lang='lat' dir='ltr'>V.</span> <span class='ocrx_word' id='word_1_208' title='bbox 257 3228 348 3290; x_wconf 81' lang='lat'>1046.</span> <span class='ocrx_word' id='word_1_209' title='bbox 384 3225 786 3312; x_wconf 78' lang='grc' dir='ltr'><strong><em>πυρὸς-βόστρυχος,</em></strong></span> <span class='ocrx_word' id='word_1_210' title='bbox 808 3252 838 3293; x_wconf 90' lang='lat' dir='ltr'>v.</span> <span class='ocrx_word' id='word_1_211' title='bbox 859 3251 947 3314; x_wconf 90' lang='lat' dir='ltr'>supra</span> <span class='ocrx_word' id='word_1_212' title='bbox 969 3254 1000 3294; x_wconf 92' lang='lat' dir='ltr'>v.</span> <span class='ocrx_word' id='word_1_213' title='bbox 1023 3231 1094 3296; x_wconf 86' lang='grc'>368.</span> 
     </span>
     <span class='ocr_line' id='line_1_31' title="bbox 139 3326 1098 3412; baseline 0.002 -20"><span class='ocrx_word' id='word_1_214' title='bbox 139 3338 169 3392; x_wconf 89' lang='lat' dir='ltr'>et</span> <span class='ocrx_word' id='word_1_215' title='bbox 188 3348 218 3390; x_wconf 88' lang='lat' dir='ltr'>v.</span> <span class='ocrx_word' id='word_1_216' title='bbox 244 3326 336 3391; x_wconf 84' lang='grc'>1085.</span> <span class='ocrx_word' id='word_1_217' title='bbox 381 3327 516 3388; x_wconf 82' lang='lat' dir='ltr'>Fulmen</span> <span class='ocrx_word' id='word_1_218' title='bbox 538 3326 581 3389; x_wconf 88' lang='lat' dir='ltr'>sic</span> <span class='ocrx_word' id='word_1_219' title='bbox 600 3337 724 3392; x_wconf 87' lang='lat' dir='ltr'>vocatur</span> <span class='ocrx_word' id='word_1_220' title='bbox 745 3339 862 3412; x_wconf 89' lang='lat' dir='ltr'>propter</span> <span class='ocrx_word' id='word_1_221' title='bbox 879 3330 1098 3394; x_wconf 90' lang='lat' dir='ltr'>similitudinem</span> 
     </span>
     <span class='ocr_line' id='line_1_32' title="bbox 140 3420 1096 3510; baseline 0.001 -22"><span class='ocrx_word' id='word_1_222' title='bbox 140 3446 205 3488; x_wconf 90' lang='lat' dir='ltr'>eum</span> <span class='ocrx_word' id='word_1_223' title='bbox 225 3426 366 3488; x_wconf 80' lang='lat' dir='ltr'>cincinno</span> <span class='ocrx_word' id='word_1_224' title='bbox 374 3449 386 3498; x_wconf 89' lang='lat'>,·</span> <span class='ocrx_word' id='word_1_225' title='bbox 405 3420 426 3504; x_wconf 76' lang='lat' dir='ltr'>ri</span> <span class='ocrx_word' id='word_1_226' title='bbox 436 3421 600 3506; x_wconf 76' lang='grc' dir='ltr'><strong><em>ἡλνκοειδής</em></strong></span> <span class='ocrx_word' id='word_1_227' title='bbox 614 3431 667 3489; x_wconf 80' lang='grc' dir='ltr'>τοῦ</span> <span class='ocrx_word' id='word_1_228' title='bbox 683 3423 777 3508; x_wconf 81' lang='grc' dir='ltr'><strong><em>πυρὸς</em></strong></span> <span class='ocrx_word' id='word_1_229' title='bbox 786 3424 938 3510; x_wconf 78' lang='grc' dir='ltr'><strong><em>καταφορὰ</em></strong></span> <span class='ocrx_word' id='word_1_230' title='bbox 950 3427 1048 3493; x_wconf 88' lang='lat' dir='ltr'>Schol.</span> <span class='ocrx_word' id='word_1_231' title='bbox 1063 3429 1096 3492; x_wconf 87' lang='grc' dir='ltr'>Α.</span> 
     </span>
    </p>

    <p class='ocr_par' dir='ltr' id='par_1_9' title="bbox 204 3521 1104 3611">
     <span class='ocr_line' id='line_1_33' title="bbox 204 3521 1104 3611; baseline 0.002 -23"><span class='ocrx_word' id='word_1_232' title='bbox 204 3522 239 3588; x_wconf 84' lang='lat' dir='ltr'>V·</span> <span class='ocrx_word' id='word_1_233' title='bbox 265 3521 354 3587; x_wconf 79' lang='lat'>1051.</span> <span class='ocrx_word' id='word_1_234' title='bbox 380 3541 444 3607; x_wconf 85' lang='lat' dir='ltr'>sqq·</span> <span class='ocrx_word' id='word_1_235' title='bbox 496 3522 837 3603; x_wconf 75' lang='grc' dir='ltr'><strong><em>κῦμα-διόδους,</em></strong></span> <span class='ocrx_word' id='word_1_236' title='bbox 871 3535 964 3609; x_wconf 84' lang='lat' dir='ltr'>utque</span> <span class='ocrx_word' id='word_1_237' title='bbox 994 3548 1104 3611; x_wconf 80' lang='lat' dir='ltr'>aspero</span> 
     </span>
    </p>
   </div>
   <div class='ocr_carea' id='block_1_3' title="bbox 0 0 1250 4116">
    <p class='ocr_par' dir='ltr' id='par_1_10' title="bbox 0 0 1250 4116">
     <span class='ocr_line' id='line_1_34' title="bbox 0 0 1250 4116; baseline 0 0"><span class='ocrx_word' id='word_1_238' title='bbox 0 0 1250 4116; x_wconf 95' lang='lat' dir='ltr'> </span> 
     </span>
    </p>
   </div>
  </div>
 </body>
</html>
