2436 4116
271 287 315 346 IN
340 284 544 346 AESCssYLl
568 285 785 349 PROMETH.
804 288 938 349 VINCT.
1017 291 1082 351 231

89 472 175 535 'rani
205 449 314 512 ilicium
344 461 409 524 ταῖς
441 451 578 529 δίστομον
604 450 702 515 Sehoi.
737 452 770 515 Β.
825 453 862 515 ἒν
893 460 1082 535 σφαγαῖσι.

117 551 175 625 „tt
195 560 243 614 est
260 550 430 632 injuguta.
462 549 539 612 Male
559 550 708 633 Stnnlnjus
725 550 815 614 vertit
833 554 929 614 caede
949 555 1082 633 tiugeru.

116 649 191 711 Eun.
224 645 321 709 (inest.
357 669 386 708 v.
408 648 482 710 285.
510 643 550 727 μὴ
578 654 630 728 τῆς
651 645 790 729 τεκούσης
811 652 852 725 εἰς
875 646 989 733 σφαγὰς
1010 639 1084 711 ὦσαι

115 748 211 825 ξίφος.
240 744 380 830 Polyaen.
402 745 481 819 Viii,
500 746 552 809 48.
576 744 608 809 τὸ
626 748 711 825 ξίφος
726 757 851 811 καθεῖσα
869 747 918 813 διδ
936 756 988 831 τῆς
1009 767 1081 827 σφα-

116 851 180 928 γῆς.
225 843 309 927 Vitg.
339 844 416 907 Aen.
437 844 599 919 Χ11,367.
624 848 755 909 destrae
775 867 953 910 mueronem
981 856 1082 909 eeter-

117 954 210 1027 quet,
233 953 264 1005 et
282 943 346 1005 uite
365 942 551 1026 Fuigentem
570 947 686 1027 tinguit
706 946 829 1027 jugulo.
866 944 968 1009 lineat.
983 943 1077 1006 Serm.

117 1040 155 1113 lt,
175 1040 210 1116 3,
237 1039 306 1103 136.
351 1039 390 1101 In
419 1045 528 1102 mutrie
557 1044 669 1124 jugulo
690 1046 818 1123 serrum
839 1045 983 1125 tepefecit
1005 1061 1081 1102 aeu-

117 1150 196 1202 tum.
250 1136 335 1199 0vit.
366 1137 459 1220 Epist.
483 1139 565 1214 XiV,
587 1146 617 1204 θ.
671 1144 762 1218 Queat
793 1163 905 1204 manue
940 1143 1082 1202 extimuit

110 1239 230 1320 jugula
260 1236 420 1297 demittere
440 1238 577 1315 serrum.
624 1237 773 1302 Hactenus
805 1239 959 1302 Ruhnken.
985 1237 1078 1319 Epist.

119 1335 194 1399 Crit.
210 1334 234 1407 1,
254 1355 282 1417 p.
296 1335 364 1407 '7t.,
388 1332 493 1416 quibus
510 1335 595 1418 adjici
612 1347 707 1420 potest
723 1338 866 1401 Antonin.
888 1336 1012 1400 Libernl.
1027 1339 1077 1396 25.

118 1431 263 1508 ἐπάταξαν
284 1428 388 1506 ἑαυτὰς
408 1436 443 1518 τῇ
465 1434 575 1514 κερκίδι
595 1431 674 1516 παρὰ
695 1434 748 1517 τὴν
768 1441 876 1514 κλεῖδα,
898 1437 947 1499 καὶ
962 1432 1080 1514 initian-

117 1538 169 1610 ξαν
191 1528 245 1613 τὴν
265 1527 391 1615 σφαγήν.
425 1531 543 1593 Petron-
563 1532 634 1594 Atb.
659 1534 774 1619 Fragnt.
799 1560 826 1622 p.
847 1535 919 1601 659.
963 1534 1081 1613 iugula

119 1642 182 1695 etat
207 1632 303 1693 divite
325 1632 463 1711 serrum.
520 1630 650 1694 Galenus
680 1633 710 1695 in
738 1633 860 1719 isagoge
888 1630 941 1706 τὰς
969 1624 1082 1711 σφαγὰς

114 1732 197 1795 inter
218 1725 270 1803 τὰς
290 1729 477 1802 κατακλεῖδας
500 1728 619 1812 ponit.“
654 1731 762 1795 Bnonr.

180 1842 350 1928 βάψασα,
382 1840 502 1924 θήσασα
524 1843 622 1907 Sehol.
646 1846 679 1908 B.
705 1847 793 1931 Soph.
820 1848 865 1932 Aj.
892 1869 922 1909 v.
941 1846 993 1909 95.
1017 1842 1082 1922 itin-

118 1964 181 2024 φας
200 1945 282 2028 ἔγχος
301 1935 334 2007 εὖ
356 1938 429 2023 πρὸς
446 1939 584 2025 Ἀργείαν
604 1951 723 2029 στρατῷ.

181 2075 218 2137 V.
241 2073 315 2138 866.
361 2075 396 2148 ἐς
418 2073 598 2157 ἐχθροὺς,
621 2076 695 2156 quod
713 2074 796 2137 multi
818 2075 908 2135 Codt.
928 2072 1081 2142 exhibent,

120 2175 196 2238 maie
226 2173 329 2257 probat
358 2173 559 2247 iiiornfieidus;
593 2194 652 2235 nnn
679 2174 756 2235 enim
787 2173 833 2234 hie
854 2173 889 2233 de
910 2189 1011 2232 emere
1032 2166 1081 2249 qni

104 2278 218 2336 intrat
242 2273 285 2333 ad
304 2276 449 2354 atiqrrem,
473 2273 524 2335 sed
541 2273 576 2334 de
592 2293 640 2347 eo,
663 2272 711 2355 qni
729 2275 753 2332 it
769 2273 918 2333 advertus
934 2272 1079 2352 aliquem,

121 2395 219 2437 sermo
240 2382 296 2435 est.
340 2371 437 2450 anre
458 2370 505 2433 ἐπὶ
526 2370 636 2434 tentius
656 2371 773 2454 legitur.

183 2488 219 2551 V.
247 2487 320 2550 867.
370 2489 456 2566 μίαν
484 2484 536 2563 δὲ,
569 2485 623 2568 τὴν
649 2484 889 2570 Ὑπερμνήστραν.
928 2479 1001 2560 αὕτη
1028 2476 1083 2562 γὰρ

121 2595 234 2673 μιγεῖσα
255 2586 335 2648 ἔλεον
357 2585 435 2665 ἔσχεν
455 2581 546 2648 αὐτοῦ
570 2585 722 2670 (Lyncei).
759 2585 858 2649 Schol.
882 2584 915 2646 B.

183 2703 218 2764 V.
242 2700 314 2765 868.
358 2697 716 2782 ἀπαμβλυνθήσεται
755 2695 1085 2782 ἇπαμβίύνεινμνοροίο

123 2801 229 2865 dieitur
248 2802 288 2861 de
303 2803 415 2880 ferro,
439 2794 531 2879 cajus
552 2805 634 2862 acies
655 2811 763 2862 retusa
781 2809 847 2872 τοῖς
879 2809 939 2860 tum
963 2796 1083 2859 omnino

122 2912 169 2964 est
185 2901 343 2973 hebetare,
365 2901 538 2960 retardare.
576 2899 655 2981 Sept.
675 2898 767 2961 Theb.
788 2920 818 2960 v.
830 2896 902 2961 697.
923 2895 968 2958 ed.
989 2894 1081 2957 Weil.

123 2998 302 3079 τεθηγμένον
323 2999 368 3059 τοί
389 2994 419 3076 μ’
441 2993 496 3060 οὐκ
518 2993 715 3077 ἀπαμβλυνεῖς
734 2993 818 3082 λόγῳ.
863 2993 932 3057 ibid.
956 3013 987 3054 v.
1008 2992 1082 3054 826.

124 3095 174 3158 καὶ
195 3093 319 3174 θέσφατ’
343 3092 398 3158 οὐκ
420 3091 600 3176 ἆμβλιίνεται.
644 3095 681 3157 H.
703 3094 793 3178 igitur
815 3092 836 3155 1,
861 3102 922 3155 est:
955 3091 1011 3150 itta
1032 3088 1083 3148 ite·

113 3182 280 3279 ¹betaizite'tr
308 3195 351 3255 ad
379 3197 557 3266 consilium,
593 3192 614 3254 i.
639 3214 667 3255 e.
691 3213 776 3256 mens
808 3191 873 3273 ejus
902 3188 933 3251 in
963 3187 1085 3252 consilio

126 3291 330 3365 hebetabitnn,
355 3314 391 3354 ne
413 3292 549 3355 inanitum
571 3289 694 3352 occidat.

189 3409 226 3472 V.
249 3409 322 3472 870.
368 3409 454 3470 (loni.
480 3406 583 3470 lloret.
616 3405 669 3468 Οδ.
692 3405 744 3479 111,
764 3404 816 3482 11,
834 3403 886 3468 30.
906 3422 967 3484 sqq.
1020 3401 1090 3463 Una

126 3509 164 3571 rie
187 3509 313 3586 multis,
328 3510 407 3589 sane
428 3508 564 3590 nuptiali
582 3506 691 3590 digna,
714 3507 877 3588 perjurum
893 3505 960 3584 suit
982 3503 1013 3562 in
1032 3521 1091 3584 pa·
