2436 4116
119 327 187 393 196
433 319 760 384 COMMENTARIUS

115 511 168 568 re,
191 488 215 554 l.
238 510 265 557 e.
287 489 400 552 cartul.
434 486 535 552 Possit
552 486 640 552 etiam
662 507 729 552 oum
748 481 868 567 ὀτοβεῖ
854 483 957 570 pungi,
977 495 1010 548 ut
1026 504 1068 549 ιι·
1108 488 1111 625 p

118 610 221 677 μιαν.
212 587 309 653 ,126
328 583 503 669 ὑποσυρίζει
544 583 809 669 κηρόπλαστος
829 581 1111 687 δόιίιξ,]δι1ιι1οΙ

119 711 161 753 er
175 688 380 751 arundinibus
395 707 469 751 ema
489 695 664 769 compacta,
680 683 843 769 disparibus
859 683 983 748 calamis
1000 704 1070 748 oon·

115 787 227 873 pagine
247 807 334 851 cerae
354 785 433 850 inter
452 807 486 850 se
502 785 630 870 junctis,
652 796 686 848 ut
703 783 833 868 loquitur
852 781 938 847 evit.
961 783 1032 849 Met.
1047 783 1069 860 l,

120 889 195 953 712.
230 886 350 955 Arnntlo
372 885 451 951 enim
472 885 632 970 composita
654 894 719 948 erat
740 904 781 947 ex
796 880 928 967 plumbus
938 882 1068 960 calana,

124 1007 248 1071 quorum
270 986 382 1062 ιίιιιιο,
406 1005 445 1050 ne
463 985 562 1050 exiret
581 1005 671 1058 nura,
695 983 900 1046 oblinebantur
920 1003 1001 1047 cern.

181 1086 219 1152 V.
241 1087 314 1151 676.
358 1085 517 1150 Praeterea
538 1081 626 1159 δόναξ
647 1093 771 1147 vocatur
790 1078 923 1162 ἀχέτας
945 1078 1066 1166 (ὅμως),

121 1196 258 1264 amator,
274 1207 434 1262 resonans,
449 1180 629 1265 ποινήχητος
645 1181 744 1246 Schol.
764 1181 802 1244 A.
824 1181 995 1267 Conferant
1006 1183 1065 1248 Eur.

122 1287 218 1351 Eleet.
247 1307 278 1349 v.
304 1284 375 1349 101.
398 1280 506 1358 ιιόκνος
527 1280 634 1364 ἀχέτας.
676 1280 796 1345 Hesiod.
818 1279 871 1365 Op.
895 1282 972 1347 680.
999 1280 1071 1364 ipius

122 1385 218 1460 τέττιξ,
266 1381 460 1446 Schuetzius=
489 1380 627 1466 „Nempe
656 1390 690 1443 ut
709 1379 808 1464 Argus
836 1389 991 1464 pastorum
1011 1381 1071 1467 ritu,
1108 1460 1113 1475 ι

123 1481 225 1562 lnacbi
252 1481 345 1545 liliam
369 1481 438 1549 tum
451 1480 796 1557 „vivebatscustodienn
825 1478 1071 1557 fistulaoauebut,

123 1579 168 1644 sie
194 1578 230 1643 lo
257 1578 368 1642 lurore'
386 1589 452 1645 acta
472 1578 632 1643 etiamnum
654 1579 720 1662 ejus
741 1587 858 1640 cantum
879 1577 986 1644 ιαιδίιο
1006 1579 1072 1646 vile

123 1680 220 1743 batur.
263 1674 428 1742 ὑπνοδόταν
455 1674 546 1759 νόμον
566 1678 614 1742 vel
635 1677 785 1741 ornandae
810 1685 927 1741 tantum
947 1677 1070 1766 imaginis

124 1797 231 1842 caussa
251 1779 397 1860 adjectum
419 1786 484 1851 est,
515 1775 582 1851 vel,
605 1775 682 1859 quod
703 1774 808 1838 melius
830 1774 941 1858 placet,
971 1780 1009 1843 ad
1028 1779 1072 1843 mi·

124 1875 303 1940 serationem
324 1875 575 1938 commovendam.
620 1872 715 1952 Quum
736 1873 815 1939 enim
829 1874 865 1939 lc
881 1876 1009 1942 molesto
1022 1879 1073 1943 las·

124 1973 261 2038 situdinis
284 1994 376 2038 sensu
398 1976 603 2058 premebatur,
625 1984 687 2038 tum
708 1973 763 2038 boc
785 1974 942 2040 accedebat
963 1979 998 2043 ad
1016 1980 1074 2064 ejus

123 2071 294 2149 miseriam,
322 2072 399 2155 quod
420 2072 535 2137 fistulae
555 2082 660 2137 centus
680 2093 816 2137 somnum
836 2073 997 2156 invitaret,
1021 2100 1073 2164 quo

123 2184 223 2238 tamen
251 2174 288 2237 ob
316 2182 484 2257 perpetuam
513 2171 587 2256 Argi
619 2174 719 2255 iugum
750 2174 808 2238 irni
843 2196 906 2239 non
936 2177 1073 2244 licebat“

122 2269 243 2336 όπνοδ
250 2269 341 2335 όταν
361 2268 474 2352 νόμον
492 2272 570 2336 euim
586 2270 716 2355 intellige
730 2276 936 2356 eomm’serum
950 2299 1074 2348 earm

123 2368 262 2451 τοιαύτην
289 2367 370 2457 ᾠδὴν
393 2368 516 2456 ᾅδουσιν
545 2373 577 2434 ol
592 2371 725 2453 ποιμένες
745 2368 857 2437 όπόπαν
876 2371 913 2438 τὰ
933 2377 1075 2461 θρέμματα
1111 2391 1114 2400 “

124 2470 175 2534 ἐπὶ
200 2467 254 2551 τὴν
279 2468 411 2551 μάνδραν
435 2468 593 2556 κατάγουσι
619 2468 866 2555 κοιμηθησόμενα.
915 2471 953 2539 οὗ
982 2477 1034 2559 μὲν
1049 2475 1074 2542 bl

126 2565 191 2634 olor
212 2566 322 2634 όπόιαν
342 2571 384 2643 εἰς
404 2568 499 2652 νομὴν
518 2568 593 2634 αὐτὰ
612 2569 770 2656 ἐξάγουσιν.
797 2572 897 2636 Sobel.
920 2574 960 2639 A.

188 2667 224 2734 V.
248 2670 322 2733 676.
366 2667 561 2734 Schuetzius:
590 2671 661 2736 lntle
681 2672 718 2734 ab
739 2670 794 2735 boc
815 2692 905 2736 versu
927 2671 1077 2762 dispellen-

126 2776 177 2830 tnr
196 2766 249 2830 lus
271 2766 459 2852 phantasiae3
484 2771 605 2858 jamque
632 2791 667 2835 se
687 2770 797 2855 colligit
817 2793 857 2838 ex
876 2774 981 2839 furore
1002 2775 1077 2841 etat

128 2885 163 2930 se
181 2865 267 2930 redit.
313 2865 413 2932 Obiter
428 2867 568 2956 Aeschyli
587 2869 619 2934 in
639 2871 801 2934 fabularum
822 2872 1001 2940 tractatione
1020 2896 1078 2962 pru·

127 2963 256 3029 derbem
280 2983 359 3030 novo
386 2969 520 3053 exemplo
546 2968 696 3033 declarare
721 2970 817 3035 liceat.
874 2970 928 3037 Ubi
950 2975 1078 3041 enimin

128 3064 296 3150 tragoedia,
325 3087 401 3149 qnae
421 3067 591 3132 inscribitur
610 3063 756 3148 Ἱιένιδες,
784 3069 900 3136 Chorus
920 3073 1078 3141 Danuilum

128 3162 182 3227 lus
201 3164 327 3228 fabulam
349 3166 517 3230 narratione
532 3167 729 3251 persequitur,
750 3169 895 3255 virginem
910 3171 945 3237 in
966 3196 1080 3241 vaccam

129 3261 243 3329 ulove
268 3275 408 3330 mutatam
434 3265 544 3339 fnisse,
576 3266 661 3350 eique
686 3267 790 3334 lovem
818 3269 850 3333 in
877 3279 997 3351 marum
1014 3296 1081 3339 eon-

130 3383 251 3427 versum
272 3364 535 3450 appropinquasse3
557 3377 619 3432 tum
641 3367 721 3452 Argo
743 3369 808 3452 ejus
829 3373 951 3438 custode
970 3396 991 3440 ι
1009 3376 1082 3441 lleth

132 3462 214 3527 curin
240 3462 397 3528 interfecto
423 3462 569 3530 lunonem
594 3465 721 3532 miserae
746 3467 869 3533 buculae
896 3483 1029 3539 οοιῑιιιιιι
1054 3494 1080 3538 s.

131 3559 254 3640 asilum,
274 3563 367 3630 boves
387 3563 587 3650 exagitantem
606 3566 773 3645 bestiolam,
794 3566 954 3638 immisisse
972 3583 1080 3640 ornat.
