2436 4116
274 325 318 386 lN
343 324 547 387 tuscum
571 325 780 389 ruentum.
805 327 942 391 vultur.
1018 331 1083 394 tut

115 491 212 568 levit,
235 498 407 573 obversus,
430 493 478 576 qni
500 492 646 577 sequitur,
667 491 789 557 lembus
810 493 861 559 but
881 494 1014 558 trimeter
1036 517 1085 560 en·

117 590 286 654 talentinus.
332 590 376 656 Ab
396 592 647 657 constructionem
670 592 784 675 quidem
808 593 863 657 hoc
883 593 954 658 terri
975 605 1084 679 potest,
1124 637 1129 647 -

115 701 152 755 ut
171 691 312 773 εἰςοροῖσο
333 692 369 754 atl
390 694 461 775 χρίει
482 713 517 773 με
538 691 574 776 (i.
591 713 618 756 e.
640 693 769 776 χρίομοο)
791 695 939 757 referatur
960 706 990 759 et
1010 716 1093 758 cunm

117 789 294 854 structionis
316 791 439 855 mutatio
459 791 588 854 admissa
610 790 662 867 sit,
683 811 757 874 quae
779 812 796 854 a
816 791 937 857 Graecis
959 794 1085 880 seriptu-

115 888 203 954 n'bns
233 910 293 952 non
319 890 414 954 aliena
442 902 498 955 est.
543 889 647 974 Neque
668 892 844 954 adsensum
866 895 1016 973 φοβοῦμαι
1037 915 1084 958 re·

118 987 259 1073 quiritur.
311 989 420 1054 Verum
443 990 556 1066 oratio,
584 989 694 1053 omisso
717 990 772 1053 hou
793 991 903 1069 verbo,
930 993 1000 1055 mihi
1024 1013 1083 1066 nou
1142 1054 1145 1060 .

116 1089 194 1153 satis
223 1089 344 1172 elegans
371 1090 506 1166 videtur,
534 1111 630 1174 neque
650 1088 791 1153 librorum
812 1090 974 1154 auotoritas
995 1090 1085 1174 pluri·

114 1209 236 1252 tuorum
268 1193 481 1253 contemnende
514 1200 572 1253 ost.
630 1187 812 1275 Quapropter
841 1211 944 1254 verum
974 1190 1084 1253 vidisse

117 1287 192 1351 milti
214 1286 337 1363 videor,
361 1309 448 1374 quum
471 1285 551 1352 ἄλευ’
577 1279 602 1352 ὦ
623 1291 661 1350 δᾶ
682 1289 723 1353 ita
744 1289 924 1365 retinerem,
956 1300 988 1353 ut
1009 1289 1084 1353 hene

116 1386 365 1451 exclamationem
398 1399 485 1454 extra
515 1399 641 1458 metrum
672 1389 779 1452 laetam
814 1410 881 1453 esse
909 1400 1081 1462 statuerem,
1187 1447 1190 1450 .

117 1496 210 1568 atqua
230 1489 394 1568 φοβοῦμαι,
424 1508 440 1549 a
463 1507 521 1573 quo
543 1500 651 1551 versus
672 1487 723 1570 qui
746 1489 880 1572 sequitur
899 1489 1018 1574 incipit,
1041 1491 1084 1553 ad

120 1585 341 1668 praecedentem
360 1585 539 1648 versiculum
560 1587 763 1662 transferrem,
786 1607 844 1669 quo
862 1589 939 1649 lacto
957 1597 1083 1648 metrum

119 1695 238 1768 optume
266 1703 300 1746 se
328 1683 424 1746 habet.
480 1685 522 1748 lta
556 1685 745 1748 llermannus
773 1683 803 1745 in
832 1683 922 1747 choro
953 1685 1081 1746 Eumen.

116 1805 150 1847 v.
180 1784 299 1848 757-
313 1783 386 1846 764.
418 1794 464 1847 ter
491 1790 550 1864 φεῦ
558 1822 560 1827 ,
579 1804 667 1867 quum
690 1794 776 1847 extra
798 1793 922 1847 metrum
945 1805 963 1847 a
986 1783 1083 1846 Furiis

117 1882 314 1947 vociferatum
337 1883 507 1958 statuisset,
530 1895 655 1946 metrum
676 1894 794 1966 optume
815 1883 955 1946 restituit.
1000 1881 1083 1960 Quod

117 2005 176 2068 ego
202 1981 259 2047 huo
286 1982 350 2045 luco
374 1982 528 2044 eonsilium
553 1982 733 2064 sequendum
755 1981 837 2044 duxi.
882 1980 989 2044 lbibem
1011 1983 1083 2065 legi-

117 2093 170 2147 tur
197 2083 227 2147 οἳ
252 2083 282 2145 ol
309 2085 361 2158 δᾶ,
392 2091 426 2143 ut
452 2081 649 2164 intelligamus
677 2101 744 2142 cum
775 2080 960 2153 Blomlieldu,
991 2072 1016 2142 oi
1045 2084 1083 2143 bui

116 2202 232 2247 meram
261 2180 498 2266 interjectionem
519 2200 598 2244 esse.
642 2175 720 2241 ἄλευ’
744 2169 946 2241 sitientem
970 2179 1083 2260 signifi-

115 2292 186 2347 cate
216 2291 322 2344 auerte
343 2304 361 2344 o
385 2291 488 2355 terve,-
512 2282 551 2343 bri
571 2278 669 2342 dorice
690 2299 742 2361 pro
762 2283 802 2361 pic
821 2277 929 2344 dictum
953 2297 1021 2340 esse
1042 2298 1084 2340 ex
1207 2274 1211 2281 ’

118 2381 250 2468 Etymol.
270 2381 312 2444 M.
334 2391 460 2444 constat.
494 2380 679 2445 Btomfietuns
696 2387 904 2441 commemorat
921 2377 996 2440 Lex.
1010 2376 1084 2439 MS.

119 2482 278 2565 Saugerm.
309 2483 383 2565 apud
411 2480 539 2544 Brunck.
569 2481 645 2543 Lex.
676 2476 833 2560 Sophocle
866 2473 991 2552 ἄλεύοω,
1018 2472 1083 2538 boel

118 2588 172 2644 τοῦ
197 2578 325 2660 φυλάξω.
368 2587 533 2661 Σοφοκλῆς.
568 2581 613 2642 Cf.
647 2576 754 2641 Aesuh.
785 2575 866 2657 Sept.
891 2574 982 2638 Theb.
1007 2574 1080 2638 86.:

117 2681 187 2745 etot
207 2683 277 2744 θεοί
297 2677 322 2742 τ’
346 2677 488 2763 ὀρόμενον
504 2677 598 2743 καλὸν
614 2675 758 2741 ἄλεᾶουτε.
790 2674 862 2739 lbid.
886 2695 916 2740 v.
937 2674 1009 2740 128.
1032 2673 1087 2736 ttul'

118 2779 234 2862 Κύπρις
252 2776 383 2843 ἄλευσον.

111 2917 117 2923 ·
181 2878 248 2943 τὸν
269 2876 472 2964 μυριωπὸν,
495 2880 674 2940 innumeros
695 2877 859 2939 habentem
878 2875 994 2935 oculus.
1029 2896 1082 2951 ptu-

116 2976 245 3063 meltt·
284 2977 300 3041 ὁ
328 2976 451 3063 μυρίους
478 2974 654 3058 ὀφθαλμοὺς
682 2978 762 3059 ἔχων.
813 2975 951 3038 ἐπίθετον
971 2967 1082 3054 ”Appon

109 3073 190 3157 ,παρ’
225 3074 365 3162 Αἰσχύλῳ.
409 3079 508 3142 Gloss.
531 3101 577 3162 ap.
604 3081 703 3164 Etym.
727 3079 768 3140 M.
792 3098 821 3160 p.
842 3076 915 3145 595,
932 3074 984 3135 22.
1009 3070 1083 3144 vSe-

119 3174 248 3240 cundum
267 3171 401 3235 Ovidium
421 3185 546 3239 centum
565 3181 733 3242 luminibus
751 3180 886 3238 cinctum
906 3178 1003 3253 ceput
1019 3172 1083 3232 Ar·

119 3295 183 3360 guo
206 3273 354 3347 babebat,
385 3293 509 3354 quorum
538 3297 606 3357 pars
634 3280 791 3361 vigilabat,
821 3293 888 3358 pers
911 3268 1081 3333 dormiebat.

120 3374 264 3454 Quocirca
283 3373 314 3435 iu
331 3371 438 3436 Aeseh.
460 3372 558 3457 Suppl.
578 3395 608 3437 v.
628 3377 701 3438 310.
719 3377 824 3440 dicitur
847 3365 972 3437 becce'
996 3363 1081 3448 ὁρῶν.

122 3478 169 3540 Cf.
193 3473 298 3556 llurip.
323 3471 433 3535 Phoeu.
456 3495 487 3535 v.
507 3473 598 3535 1115.
618 3493 681 3555 sqq.
858 3466 861 3477 '

185 3573 219 3639 V.
244 3573 316 3639 574.
360 3569 429 3637 bob
453 3571 490 3636 δὲ
511 3572 716 3637 adverbialiter
736 3572 845 3639 (lictum
867 3578 932 3634 est:
965 3566 1021 3630 nub
1045 3585 1084 3629 ea

720 3730 724 3744 ,
817 3671 888 3736 13*
961 3684 969 3694 '
