2436 4116
117 332 187 394 244
436 328 767 392 COMMENTARIUS

117 500 192 577 mit,
223 493 313 559 veluti
334 498 452 577 jugam
485 514 511 557 s.
545 494 622 558 aliud
647 516 738 558 anne.
792 488 906 555 πόνοι
935 501 1088 554 vocantur

120 591 325 672 δύςλοφοι,
356 603 388 656 ut
410 595 531 656 labores
552 593 775 676 intelligantur,
802 597 860 674 qui
879 589 963 673 quasi
987 588 1088 652 eervi-

4 692 7 698 ’
120 693 202 756 nibus
217 692 345 776 impositi
361 697 522 775 grauiores
538 700 610 752 sunt
630 701 660 753 et
676 695 803 774 aegrius
818 694 982 771 feruntur.
1026 690 1087 753 lta·

122 811 178 874 que
198 790 317 853 omuino
339 802 410 854 sunt
431 791 485 854 vix
507 790 673 854 tolerabiles
697 791 824 854 labores.

183 922 219 986 V.
242 921 316 987 937.
362 919 380 985 ὁ
402 919 430 985 δ’
455 913 523 984 οὖν
546 925 706 1000 ποιείτω,
729 920 939 986 solemnis·est
960 923 1088 986 formula

122 1042 244 1110 eurum,
273 1022 321 1105 qui
345 1021 470 1104 aliquam
492 1037 554 1083 rem
576 1043 636 1084 nou
662 1033 784 1085 curant:
815 1023 865 1083 Ιιίο
886 1043 958 1085 nera
979 1024 1013 1085 id
1026 1026 1088 1104 sa·

121 1125 193 1189 ciat.
214 1152 256 1171 ›-
275 1119 407 1197 πάντα,
430 1118 486 1183 ὅσοι
507 1117 544 1183 tto
564 1118 680 1203 ποιήσει
702 1120 800 1183 Sahal.
826 1120 857 1182 B.

183 1253 221 1318 V.
245 1255 318 1320 938.
363 1251 516 1316 Sententia
548 1263 611 1315 est:
650 1252 706 1314 Ito·
730 1253 887 1334 sapientes
907 1262 999 1334 sunt,
1033 1258 1091 1337 μοι·

122 1355 228 1415 colant
247 1355 400 1416 uindictae
421 1355 531 1430 deam,
553 1351 583 1414 h.
603 1371 631 1414 e.
658 1350 708 1433 qui
728 1351 769 1414 ita
787 1373 819 1414 se
836 1362 956 1434 gerunt,
977 1362 1088 1415 utnon

123 1462 285 1534 provocent
305 1452 474 1519 vindictam.
529 1451 632 1514 lllonet
654 1450 770 1513 Clrorus
793 1450 1016 1526 Prometheum,
1049 1473 1088 1515 no

124 1549 223 1613 verbis
252 1551 438 1634 gravioribus
467 1548 551 1614 lovis
581 1548 655 1611 iram
685 1559 809 1632 augeat3
841 1550 915 1632 quod
937 1548 963 1611 si
984 1548 1087 1627 iaciat,

124 1648 329 1713 Prometheum
352 1671 412 1713 uon
432 1671 499 1713 esse
522 1648 693 1731 sapientem.
739 1648 802 1711 Hoc
825 1659 922 1711 autem
942 1646 1087 1730 colloquio

125 1758 208 1830 poeta
225 1749 383 1831 prudenter
397 1747 563 1830 tragoediae
575 1747 788 1831 catastropham
801 1757 963 1832 praeparat.
983 1742 1086 1829 'Adpul-

125 1863 203 1906 οιεια
229 1850 451 1928 temperantiae
479 1847 539 1907 dea
567 1846 641 1920 luit,
671 1857 704 1909 ut
725 1846 858 1926 Νέμεσις.
900 1846 1086 1911 Blomfieldus

125 1942 226 2005 laudat
241 1943 480 2006 Giaeomellium:
509 1945 572 2020 „ad
586 1944 734 2007 vitandam
754 1945 892 2008 iuvidiam
913 1945 1019 2009 Graeci
1038 1968 1086 2010 su-

125 2041 224 2104 lehant
252 2042 367 2118 dicere,
397 2049 549 2124 προςιννῶ
578 2038 632 2124 τὴν
660 2044 795 2124 Νέμεσιν.
843 2045 995 2108 Demosth.
1017 2048 1082 2110 adv.

124 2140 280 2225 Aristogil.
297 2141 323 2217 l,
345 2162 373 2224 p.
396 2142 469 2204 459.
515 2143 574 2204 Καὶ
591 2139 778 2226 Ἀδράστειαν
798 2141 850 2222 μὲν
871 2140 1031 2227 ἅνθρωπος
1047 2143 1087 2209 aiv

126 2240 213 2323 ἔγωγε
242 2246 402 2323 προςκννῶ.
445 2240 526 2304 Plato
549 2242 584 2304 de
604 2242 674 2325 Rep.
698 2240 736 2303 Y.
759 2248 911 2324 προςιιννῶ
934 2242 966 2306 δὲ
984 2241 1087 2328 'Adpul-

126 2357 235 2416 στειαν,
265 2333 468 2415 eistetiensis),
499 2336 581 2424 χάριν
608 2331 645 2402 οὗ
670 2341 761 2420 μέλλω
783 2340 904 2423 λέγειν.“
926 2377 970 2386 --
986 2339 1086 2426 Ἀδρά-

127 2457 205 2500 στεια
235 2438 342 2521 ἔφορος
368 2439 510 2520 μέμψεως.
551 2439 626 2522 λε’γει
654 2430 709 2501 οὖν
738 2434 778 2511 ὥς
804 2440 835 2501 οἷ
854 2436 893 2520 μὴ
915 2448 1086 2524 μεμφθῆναι

127 2534 335 2613 σπουδάζοντες
346 2539 484 2621 φρονιμοί
495 2539 575 2601 εἰσιν.
594 2537 692 2600 schol.
704 2537 737 2599 Β.
759 2538 844 2600 Couf.
859 2538 963 2602 Bloml.
977 2542 1013 2604 ad
1024 2541 1054 2604 h.
1064 2542 1084 2604 l.

85 2731 88 2736 Ι
187 2653 222 2716 V.
245 2654 318 2716 939.
363 2651 607 2735 σέβου-ἀεὶ,
630 2674 791 2728 reverere,
814 2656 931 2729 adora,
957 2657 1086 2720 adulare

66 2763 69 2768 ’
129 2771 182 2813 eoo
201 2756 396 2834 semperque·
412 2773 503 2834 reges
519 2761 602 2814 sunt.
646 2752 785 2816 Gradatio
805 2773 879 2836 quae
895 2753 976 2818 inest
991 2755 1023 2818 in
1043 2756 1085 2818 his

128 2849 228 2914 verbis
251 2850 360 2914 iudicat
380 2871 524 2914 summam
544 2850 710 2914 Promethei
732 2851 825 2927 iram3
847 2849 893 2916 ἀεὶ
908 2864 1005 2917 autem
1017 2852 1085 2938 'per-

128 2948 204 3012 tinet
224 2949 260 3012 ad
280 2946 332 3013 τὸν
352 2957 522 3033 κρατοῦντι,
545 2973 604 3014 non
622 2961 655 3015 ut
671 2960 832 3014 aeternam
847 2973 966 3034 regem,
990 2976 1086 3036 quem·

129 3049 282 3112 admodum
306 3048 502 3126 Sahuetzius,
530 3049 745 3134 intelligamus,
769 3052 820 3113 sed
842 3072 1086 3139 unamquemque

128 3157 322 3231 regnantem,
346 3149 431 3212 siouti
451 3149 587 3212 Butlerus
603 3148 736 3212 reddidit.
781 3149 933 3231 Frequens
950 3153 998 3217 hio
1017 3175 1084 3218 usus

119 3259 176 3311 ‘est
192 3255 244 3311 τοῦ
263 3245 317 3312 olel.
339 3247 471 3333 Thucyd.
491 3246 517 3324 l,
536 3250 567 3311 2.
590 3243 755 3329 βιαζόμενοι
772 3245 831 3311 einh
850 3255 908 3311 enin
927 3247 975 3323 olel
995 3249 1085 3316 πλειά·

128 3371 195 3412 νων.
218 3346 281 3412 Nos
299 3345 471 3412 dieimush.
492 3347 533 3410 l.:
557 3349 667 3411 deenen
674 3346 906 3430 pedeematagen
923 3351 1084 3415 Fueraten

186 3462 224 3528 V.
249 3464 322 3530 942.
367 3460 477 3546 deplet
505 3470 623 3539 θεοῖς.
666 3461 735 3529 Vid.
758 3462 862 3529 Matth.
888 3464 940 3584 Gr.
970 3466 1023 3533 Gr
1046 3488 1082 3532 ru

127 3561 252 3646 §.tm
276 3564 356 3650 n·)p
376 3563 449 3632 839.
