<?xml version="1.0" encoding="UTF-8"?>
<!DOCTYPE html PUBLIC "-//W3C//DTD XHTML 1.0 Transitional//EN"
    "http://www.w3.org/TR/xhtml1/DTD/xhtml1-transitional.dtd">
<html xmlns="http://www.w3.org/1999/xhtml" xml:lang="en" lang="en">
 <head>
  <title>
</title>
<meta http-equiv="Content-Type" content="text/html;charset=utf-8" />
  <meta name='ocr-system' content='tesseract 3.04.00' />
  <meta name='ocr-capabilities' content='ocr_page ocr_carea ocr_par ocr_line ocrx_word'/>
</head>
<body>
  <div class='ocr_page' id='page_1' title='image "./tragoediae01aescgoog_0142.png"; bbox 0 0 2436 4116; ppageno 0'>
   <div class='ocr_carea' id='block_1_1' title="bbox 197 311 1017 403">
    <p class='ocr_par' dir='ltr' id='par_1_1' title="bbox 197 311 1017 403">
     <span class='ocr_line' id='line_1_1' title="bbox 197 311 1017 403; baseline 0.013 -28"><span class='ocrx_word' id='word_1_1' title='bbox 197 316 240 376; x_wconf 82' lang='lat' dir='ltr'><strong>m</strong></span> <span class='ocrx_word' id='word_1_2' title='bbox 262 315 465 397; x_wconf 81' lang='lat' dir='ltr'><strong>auscnrnr</strong></span> <span class='ocrx_word' id='word_1_3' title='bbox 486 311 693 397; x_wconf 84' lang='lat' dir='ltr'><strong>naouurn.</strong></span> <span class='ocrx_word' id='word_1_4' title='bbox 719 317 853 403; x_wconf 76' lang='lat' dir='ltr'><strong>vntcr.</strong></span> <span class='ocrx_word' id='word_1_5' title='bbox 950 323 1017 386; x_wconf 79' lang='lat' dir='ltr'><strong>iao</strong></span> 
     </span>
    </p>
   </div>
   <div class='ocr_carea' id='block_1_2' title="bbox 55 481 1015 964">
    <p class='ocr_par' dir='ltr' id='par_1_2' title="bbox 55 481 1015 964">
     <span class='ocr_line' id='line_1_2' title="bbox 56 481 1015 570; baseline 0.007 -25"><span class='ocrx_word' id='word_1_6' title='bbox 56 481 213 560; x_wconf 78' lang='lat' dir='ltr'><strong>videntur,</strong></span> <span class='ocrx_word' id='word_1_7' title='bbox 234 481 260 545; x_wconf 86' lang='lat' dir='ltr'><strong>is</strong></span> <span class='ocrx_word' id='word_1_8' title='bbox 281 481 336 546; x_wconf 87' lang='lat' dir='ltr'><strong>hoc</strong></span> <span class='ocrx_word' id='word_1_9' title='bbox 355 503 444 566; x_wconf 87' lang='lat' dir='ltr'><strong>prope</strong></span> <span class='ocrx_word' id='word_1_10' title='bbox 464 481 535 545; x_wconf 91' lang='lat' dir='ltr'><strong>nihil</strong></span> <span class='ocrx_word' id='word_1_11' title='bbox 554 484 667 547; x_wconf 85' lang='lat' dir='ltr'><strong>relerrc</strong></span> <span class='ocrx_word' id='word_1_12' title='bbox 686 482 785 560; x_wconf 81' lang='lat' dir='ltr'><strong>scito,</strong></span> <span class='ocrx_word' id='word_1_13' title='bbox 804 505 902 569; x_wconf 84' lang='lat' dir='ltr'><strong>quum·</strong></span> <span class='ocrx_word' id='word_1_14' title='bbox 915 484 1015 570; x_wconf 86' lang='lat' dir='ltr'><strong>plurcs</strong></span> 
     </span>
     <span class='ocr_line' id='line_1_3' title="bbox 56 581 1013 667; baseline 0.005 -22"><span class='ocrx_word' id='word_1_15' title='bbox 56 581 222 646; x_wconf 85' lang='lat' dir='ltr'><strong>versiculos</strong></span> <span class='ocrx_word' id='word_1_16' title='bbox 248 591 366 666; x_wconf 87' lang='lat' dir='ltr'><strong>propter</strong></span> <span class='ocrx_word' id='word_1_17' title='bbox 388 600 576 646; x_wconf 87' lang='lat' dir='ltr'><strong>numerorum</strong></span> <span class='ocrx_word' id='word_1_18' title='bbox 603 583 754 667; x_wconf 77' lang='lat' dir='ltr'>paritatem</span> <span class='ocrx_word' id='word_1_19' title='bbox 775 585 807 648; x_wconf 91' lang='lat' dir='ltr'><strong>iu</strong></span> <span class='ocrx_word' id='word_1_20' title='bbox 827 606 919 649; x_wconf 90' lang='lat' dir='ltr'><strong>noum</strong></span> <span class='ocrx_word' id='word_1_21' title='bbox 940 608 1013 650; x_wconf 88' lang='lat' dir='ltr'><strong>eou-</strong></span> 
     </span>
     <span class='ocr_line' id='line_1_4' title="bbox 56 680 1012 768; baseline 0.002 -22"><span class='ocrx_word' id='word_1_22' title='bbox 56 680 278 763; x_wconf 80' lang='lat' dir='ltr'><strong>ocripscrimus,</strong></span> <span class='ocrx_word' id='word_1_23' title='bbox 301 701 422 763; x_wconf 88' lang='lat' dir='ltr'><strong>remque</strong></span> <span class='ocrx_word' id='word_1_24' title='bbox 443 682 543 744; x_wconf 85' lang='lat' dir='ltr'><strong>eodem</strong></span> <span class='ocrx_word' id='word_1_25' title='bbox 564 683 676 754; x_wconf 85' lang='lat' dir='ltr'><strong>redire,</strong></span> <span class='ocrx_word' id='word_1_26' title='bbox 699 682 725 745; x_wconf 89' lang='lat' dir='ltr'><strong>si</strong></span> <span class='ocrx_word' id='word_1_27' title='bbox 747 683 778 746; x_wconf 91' lang='lat' dir='ltr'><strong>in</strong></span> <span class='ocrx_word' id='word_1_28' title='bbox 798 684 930 768; x_wconf 82' lang='lat' dir='ltr'><strong>singulos</strong></span> <span class='ocrx_word' id='word_1_29' title='bbox 953 686 1012 749; x_wconf 87' lang='lat' dir='ltr'><strong>dis-</strong></span> 
     </span>
     <span class='ocr_line' id='line_1_5' title="bbox 57 779 1014 873; baseline 0.007 -30"><span class='ocrx_word' id='word_1_30' title='bbox 57 780 223 843; x_wconf 89' lang='lat' dir='ltr'><strong>solvantur.</strong></span> <span class='ocrx_word' id='word_1_31' title='bbox 274 779 333 873; x_wconf 80' lang='lat' dir='ltr'><strong>Vix</strong></span> <span class='ocrx_word' id='word_1_32' title='bbox 360 781 438 844; x_wconf 90' lang='lat' dir='ltr'><strong>euim</strong></span> <span class='ocrx_word' id='word_1_33' title='bbox 460 781 565 857; x_wconf 91' lang='lat' dir='ltr'><strong>credo,</strong></span> <span class='ocrx_word' id='word_1_34' title='bbox 595 781 728 845; x_wconf 77' lang='lat' dir='ltr'><strong>duriores</strong></span> <span class='ocrx_word' id='word_1_35' title='bbox 747 782 812 846; x_wconf 88' lang='lat' dir='ltr'><strong>fieri</strong></span> <span class='ocrx_word' id='word_1_36' title='bbox 833 804 939 849; x_wconf 83' lang='lat' dir='ltr'><strong>versus</strong></span> <span class='ocrx_word' id='word_1_37' title='bbox 961 806 1014 871; x_wconf 87' lang='lat' dir='ltr'><strong>per</strong></span> 
     </span>
     <span class='ocr_line' id='line_1_6' title="bbox 55 878 278 964; baseline 0 -22"><span class='ocrx_word' id='word_1_38' title='bbox 55 878 278 964; x_wconf 72' lang='lat' dir='ltr'><strong>longitudinem.</strong></span> 
     </span>
    </p>
   </div>
   <div class='ocr_carea' id='block_1_3' title="bbox 55 1008 1012 1395">
    <p class='ocr_par' dir='ltr' id='par_1_3' title="bbox 55 1008 1012 1395">
     <span class='ocr_line' id='line_1_7' title="bbox 117 1008 1012 1099; baseline 0.007 -25"><span class='ocrx_word' id='word_1_39' title='bbox 117 1010 155 1073; x_wconf 86' lang='lat' dir='ltr'><strong>V.</strong></span> <span class='ocrx_word' id='word_1_40' title='bbox 181 1012 250 1075; x_wconf 76' lang='lat'><strong>128.</strong></span> <span class='ocrx_word' id='word_1_41' title='bbox 293 1009 359 1094; x_wconf 80' lang='grc' dir='ltr'><strong>ἥδε</strong></span> <span class='ocrx_word' id='word_1_42' title='bbox 383 1008 502 1088; x_wconf 80' lang='grc' dir='ltr'><strong><em>τάξις,</em></strong></span> <span class='ocrx_word' id='word_1_43' title='bbox 531 1011 553 1075; x_wconf 88' lang='grc' dir='ltr'><strong>ἰ.</strong></span> <span class='ocrx_word' id='word_1_44' title='bbox 576 1034 603 1076; x_wconf 90' lang='lat' dir='ltr'><strong>e.</strong></span> <span class='ocrx_word' id='word_1_45' title='bbox 627 1013 755 1088; x_wconf 78' lang='grc' dir='ltr'><strong><em>ολοηιος</em></strong></span> <span class='ocrx_word' id='word_1_46' title='bbox 782 1032 849 1075; x_wconf 78' lang='grc' dir='ltr'><strong><em>ποια</em></strong></span> <span class='ocrx_word' id='word_1_47' title='bbox 870 1012 917 1076; x_wconf 84' lang='lat' dir='ltr'><strong>hic</strong></span> <span class='ocrx_word' id='word_1_48' title='bbox 936 1016 1012 1099; x_wconf 84' lang='lat' dir='ltr'><strong>apud</strong></span> 
     </span>
     <span class='ocr_line' id='line_1_8' title="bbox 55 1108 1012 1196; baseline 0.005 -24"><span class='ocrx_word' id='word_1_49' title='bbox 55 1119 175 1174; x_wconf 85' lang='lat' dir='ltr'><strong>veteres</strong></span> <span class='ocrx_word' id='word_1_50' title='bbox 202 1110 364 1175; x_wconf 90' lang='lat' dir='ltr'><strong>incertum</strong></span> <span class='ocrx_word' id='word_1_51' title='bbox 388 1112 519 1175; x_wconf 80' lang='lat' dir='ltr'><strong>ordinem</strong></span> <span class='ocrx_word' id='word_1_52' title='bbox 540 1112 647 1175; x_wconf 84' lang='lat' dir='ltr'><strong>stabat.</strong></span> <span class='ocrx_word' id='word_1_53' title='bbox 691 1108 881 1196; x_wconf 75' lang='grc' dir='ltr'><strong><em>πτερύγων</em></strong></span> <span class='ocrx_word' id='word_1_54' title='bbox 901 1121 1012 1189; x_wconf 84' lang='grc' dir='ltr'><strong><em>θοαῖς</em></strong></span> 
     </span>
     <span class='ocr_line' id='line_1_9' title="bbox 56 1206 1012 1295; baseline 0.005 -23"><span class='ocrx_word' id='word_1_55' title='bbox 56 1206 250 1290; x_wconf 79' lang='grc' dir='ltr'><strong><em>ἆμλλλαις,</em></strong></span> <span class='ocrx_word' id='word_1_56' title='bbox 279 1213 426 1287; x_wconf 78' lang='lat' dir='ltr'><strong>,‚alterno</strong></span> <span class='ocrx_word' id='word_1_57' title='bbox 440 1210 589 1274; x_wconf 77' lang='lat' dir='ltr'><strong>&#39;celerum</strong></span> <span class='ocrx_word' id='word_1_58' title='bbox 610 1214 734 1274; x_wconf 79' lang='lat' dir='ltr'><strong>olorum</strong></span> <span class='ocrx_word' id='word_1_59' title='bbox 754 1215 892 1295; x_wconf 73' lang='lat' dir='ltr'><strong>remigc‘o.</strong></span> <span class='ocrx_word' id='word_1_60' title='bbox 935 1213 1012 1277; x_wconf 89' lang='lat' dir='ltr'><strong>Sunt</strong></span> 
     </span>
     <span class='ocr_line' id='line_1_10' title="bbox 56 1309 1011 1395; baseline 0.003 -22"><span class='ocrx_word' id='word_1_61' title='bbox 56 1311 107 1394; x_wconf 90' lang='lat' dir='ltr'><strong>qui</strong></span> <span class='ocrx_word' id='word_1_62' title='bbox 139 1310 211 1375; x_wconf 87' lang='lat' dir='ltr'><strong>haec</strong></span> <span class='ocrx_word' id='word_1_63' title='bbox 242 1310 282 1374; x_wconf 88' lang='lat' dir='ltr'><strong>ita</strong></span> <span class='ocrx_word' id='word_1_64' title='bbox 317 1309 564 1395; x_wconf 68' lang='lat' dir='ltr'><strong>interpretentur,</strong></span> <span class='ocrx_word' id='word_1_65' title='bbox 596 1310 674 1395; x_wconf 87' lang='lat' dir='ltr'><strong>ipsas</strong></span> <span class='ocrx_word' id='word_1_66' title='bbox 702 1309 886 1376; x_wconf 77' lang='lat' dir='ltr'><strong>Oceanitides</strong></span> <span class='ocrx_word' id='word_1_67' title='bbox 917 1313 1011 1377; x_wconf 84' lang='lat' dir='ltr'><strong>alatas</strong></span> 
     </span>
    </p>
   </div>
   <div class='ocr_carea' id='block_1_4' title="bbox 55 1407 1189 1594">
    <p class='ocr_par' dir='ltr' id='par_1_4' title="bbox 55 1407 1189 1594">
     <span class='ocr_line' id='line_1_11' title="bbox 55 1407 1189 1495; baseline 0.002 -21"><span class='ocrx_word' id='word_1_68' title='bbox 55 1411 168 1487; x_wconf 77' lang='lat' dir='ltr'><strong>luisse,</strong></span> <span class='ocrx_word' id='word_1_69' title='bbox 201 1410 383 1495; x_wconf 81' lang='lat' dir='ltr'><strong>propriisque</strong></span> <span class='ocrx_word' id='word_1_70' title='bbox 411 1409 466 1474; x_wconf 90' lang='lat' dir='ltr'><strong>alis</strong></span> <span class='ocrx_word' id='word_1_71' title='bbox 496 1410 666 1486; x_wconf 80' lang='lat' dir='ltr'><strong>advolasse3</strong></span> <span class='ocrx_word' id='word_1_72' title='bbox 698 1430 753 1473; x_wconf 89' lang='lat' dir='ltr'><strong>uos</strong></span> <span class='ocrx_word' id='word_1_73' title='bbox 780 1423 877 1487; x_wconf 87' lang='lat' dir='ltr'><strong>autem</strong></span> <span class='ocrx_word' id='word_1_74' title='bbox 899 1412 933 1476; x_wconf 89' lang='lat' dir='ltr'><strong>de</strong></span> <span class='ocrx_word' id='word_1_75' title='bbox 953 1412 1009 1478; x_wconf 87' lang='lat' dir='ltr'><strong>alis</strong></span> <span class='ocrx_word' id='word_1_76' title='bbox 1129 1407 1131 1410; x_wconf 40' lang='lat'><em>⁴</em></span> <span class='ocrx_word' id='word_1_77' title='bbox 1188 1426 1189 1433; x_wconf 74' lang='grc'>’</span> 
     </span>
     <span class='ocr_line' id='line_1_12' title="bbox 55 1509 1112 1594; baseline -0.003 -20"><span class='ocrx_word' id='word_1_78' title='bbox 55 1510 176 1586; x_wconf 89' lang='lat' dir='ltr'><strong>currui,</strong></span> <span class='ocrx_word' id='word_1_79' title='bbox 198 1531 255 1594; x_wconf 85' lang='lat' dir='ltr'><strong>quo</strong></span> <span class='ocrx_word' id='word_1_80' title='bbox 274 1509 475 1586; x_wconf 82' lang='lat' dir='ltr'><strong>vehebantur,</strong></span> <span class='ocrx_word' id='word_1_81' title='bbox 497 1510 638 1594; x_wconf 87' lang='lat' dir='ltr'><strong>adaptatis</strong></span> <span class='ocrx_word' id='word_1_82' title='bbox 660 1509 709 1572; x_wconf 87' lang='lat' dir='ltr'><strong>vol</strong></span> <span class='ocrx_word' id='word_1_83' title='bbox 728 1510 763 1573; x_wconf 88' lang='lat' dir='ltr'><strong>de</strong></span> <span class='ocrx_word' id='word_1_84' title='bbox 781 1530 871 1574; x_wconf 84' lang='lat' dir='ltr'><strong>curru</strong></span> <span class='ocrx_word' id='word_1_85' title='bbox 892 1510 1010 1575; x_wconf 84' lang='lat' dir='ltr'><strong>alitibus</strong></span> <span class='ocrx_word' id='word_1_86' title='bbox 1110 1566 1112 1571; x_wconf 90' lang='lat'><strong>.</strong></span> 
     </span>
    </p>
   </div>
   <div class='ocr_carea' id='block_1_5' title="bbox 15 1605 1009 2287">
    <p class='ocr_par' dir='ltr' id='par_1_5' title="bbox 15 1605 1008 1798">
     <span class='ocr_line' id='line_1_13' title="bbox 51 1605 1008 1702; baseline 0.002 -29"><span class='ocrx_word' id='word_1_87' title='bbox 51 1611 158 1695; x_wconf 88' lang='lat' dir='ltr'><strong>juncto</strong></span> <span class='ocrx_word' id='word_1_88' title='bbox 178 1609 347 1695; x_wconf 90' lang='lat' dir='ltr'><strong>capimus.“</strong></span> <span class='ocrx_word' id='word_1_89' title='bbox 376 1607 518 1673; x_wconf 85' lang='lat' dir='ltr'><strong>Scuuurz.</strong></span> <span class='ocrx_word' id='word_1_90' title='bbox 562 1609 597 1674; x_wconf 90' lang='lat' dir='ltr'><strong>V.</strong></span> <span class='ocrx_word' id='word_1_91' title='bbox 619 1630 650 1672; x_wconf 87' lang='lat' dir='ltr'><strong>v.</strong></span> <span class='ocrx_word' id='word_1_92' title='bbox 674 1607 745 1673; x_wconf 80' lang='lat'><strong>135.</strong></span> <span class='ocrx_word' id='word_1_93' title='bbox 769 1605 867 1691; x_wconf 75' lang='grc' dir='ltr'><strong><em>σύθην</em></strong></span> <span class='ocrx_word' id='word_1_94' title='bbox 885 1606 916 1702; x_wconf 70' lang='lat' dir='ltr'><strong>p&#39;</strong></span> <span class='ocrx_word' id='word_1_95' title='bbox 939 1607 1008 1675; x_wconf 75' lang='grc' dir='ltr'><strong>ἀπέ-</strong></span> 
     </span>
     <span class='ocr_line' id='line_1_14' title="bbox 15 1705 375 1798; baseline -0.006 -24"><span class='ocrx_word' id='word_1_96' title='bbox 15 1738 20 1755; x_wconf 58' lang='lat'>*</span> <span class='ocrx_word' id='word_1_97' title='bbox 54 1712 135 1785; x_wconf 80' lang='grc' dir='ltr'><strong><em>διλος</em></strong></span> <span class='ocrx_word' id='word_1_98' title='bbox 156 1705 213 1797; x_wconf 72' lang='lat' dir='ltr'><strong>lippo</strong></span> <span class='ocrx_word' id='word_1_99' title='bbox 233 1714 375 1798; x_wconf 75' lang='grc' dir='ltr'><strong><em>πτερωτῷ.</em></strong></span> 
     </span>
    </p>

    <p class='ocr_par' dir='ltr' id='par_1_6' title="bbox 54 1821 1009 2287">
     <span class='ocr_line' id='line_1_15' title="bbox 118 1821 1008 1909; baseline -0.002 -19"><span class='ocrx_word' id='word_1_100' title='bbox 118 1825 156 1890; x_wconf 84' lang='lat' dir='ltr'><strong>V.</strong></span> <span class='ocrx_word' id='word_1_101' title='bbox 183 1825 252 1891; x_wconf 88' lang='lat'><strong>130.</strong></span> <span class='ocrx_word' id='word_1_102' title='bbox 294 1831 536 1909; x_wconf 80' lang='grc' dir='ltr'><strong><em>παρειποῦσα.</em></strong></span> <span class='ocrx_word' id='word_1_103' title='bbox 571 1831 720 1905; x_wconf 86' lang='grc' dir='ltr'><strong><em>παρειπεῖν</em></strong></span> <span class='ocrx_word' id='word_1_104' title='bbox 734 1821 849 1909; x_wconf 77' lang='lat' dir='ltr'><strong>proprie</strong></span> <span class='ocrx_word' id='word_1_105' title='bbox 867 1834 913 1887; x_wconf 84' lang='lat' dir='ltr'><strong>est</strong></span> <span class='ocrx_word' id='word_1_106' title='bbox 927 1821 1008 1909; x_wconf 80' lang='lat' dir='ltr'><strong>loqui</strong></span> 
     </span>
     <span class='ocr_line' id='line_1_16' title="bbox 54 1918 1006 2009; baseline -0.001 -20"><span class='ocrx_word' id='word_1_107' title='bbox 54 1926 90 1989; x_wconf 87' lang='lat' dir='ltr'><strong>ad</strong></span> <span class='ocrx_word' id='word_1_108' title='bbox 117 1925 263 2009; x_wconf 82' lang='lat' dir='ltr'><strong>aliquem,</strong></span> <span class='ocrx_word' id='word_1_109' title='bbox 294 1935 327 1988; x_wconf 91' lang='lat' dir='ltr'><strong>ut</strong></span> <span class='ocrx_word' id='word_1_110' title='bbox 355 1918 529 2000; x_wconf 87' lang='lat' dir='ltr'><strong>moveatur,</strong></span> <span class='ocrx_word' id='word_1_111' title='bbox 561 1924 663 1987; x_wconf 87' lang='lat' dir='ltr'><strong>deinde</strong></span> <span class='ocrx_word' id='word_1_112' title='bbox 687 1925 880 2006; x_wconf 76' lang='lat' dir='ltr'><strong>persuadere</strong></span> <span class='ocrx_word' id='word_1_113' title='bbox 899 1926 1006 2000; x_wconf 71' lang='lat' dir='ltr'><strong>attane,</strong></span> 
     </span>
     <span class='ocr_line' id='line_1_17' title="bbox 54 2023 1009 2108; baseline -0.001 -20"><span class='ocrx_word' id='word_1_114' title='bbox 54 2026 251 2102; x_wconf 77' lang='grc' dir='ltr'><strong><em>καταπελθειν,</em></strong></span> <span class='ocrx_word' id='word_1_115' title='bbox 274 2023 371 2088; x_wconf 86' lang='lat' dir='ltr'><strong>Schol.</strong></span> <span class='ocrx_word' id='word_1_116' title='bbox 390 2024 422 2087; x_wconf 88' lang='lat' dir='ltr'><strong>B.</strong></span> <span class='ocrx_word' id='word_1_117' title='bbox 446 2023 543 2106; x_wconf 84' lang='lat' dir='ltr'><strong>Aegre</strong></span> <span class='ocrx_word' id='word_1_118' title='bbox 559 2043 591 2086; x_wconf 89' lang='lat' dir='ltr'><strong>se</strong></span> <span class='ocrx_word' id='word_1_119' title='bbox 614 2023 687 2108; x_wconf 88' lang='lat' dir='ltr'><strong>patri</strong></span> <span class='ocrx_word' id='word_1_120' title='bbox 710 2023 892 2107; x_wconf 84' lang='lat' dir='ltr'><strong>persuasisse</strong></span> <span class='ocrx_word' id='word_1_121' title='bbox 909 2023 1009 2088; x_wconf 82' lang='lat' dir='ltr'><strong>dicunt</strong></span> 
     </span>
     <span class='ocr_line' id='line_1_18' title="bbox 54 2121 1008 2206; baseline -0.001 -19"><span class='ocrx_word' id='word_1_122' title='bbox 54 2143 72 2187; x_wconf 87' lang='lat' dir='ltr'><strong>e</strong></span> <span class='ocrx_word' id='word_1_123' title='bbox 105 2143 187 2186; x_wconf 89' lang='lat' dir='ltr'><strong>more</strong></span> <span class='ocrx_word' id='word_1_124' title='bbox 217 2123 391 2197; x_wconf 89' lang='lat' dir='ltr'><strong>mulierum,</strong></span> <span class='ocrx_word' id='word_1_125' title='bbox 420 2121 552 2206; x_wconf 87' lang='lat' dir='ltr'><strong>inprimis</strong></span> <span class='ocrx_word' id='word_1_126' title='bbox 580 2121 749 2205; x_wconf 83' lang='lat' dir='ltr'><strong>virgiuum,</strong></span> <span class='ocrx_word' id='word_1_127' title='bbox 782 2142 904 2204; x_wconf 88' lang='lat' dir='ltr'><strong>quarum</strong></span> <span class='ocrx_word' id='word_1_128' title='bbox 933 2123 1008 2206; x_wconf 86' lang='lat' dir='ltr'><strong>opud</strong></span> 
     </span>
     <span class='ocr_line' id='line_1_19' title="bbox 54 2220 627 2287; baseline -0.01 0"><span class='ocrx_word' id='word_1_129' title='bbox 54 2233 173 2287; x_wconf 81' lang='lat' dir='ltr'><strong>veteres</strong></span> <span class='ocrx_word' id='word_1_130' title='bbox 193 2221 320 2286; x_wconf 88' lang='lat' dir='ltr'><strong>conditio</strong></span> <span class='ocrx_word' id='word_1_131' title='bbox 343 2242 401 2285; x_wconf 91' lang='lat' dir='ltr'><strong>uon</strong></span> <span class='ocrx_word' id='word_1_132' title='bbox 423 2221 506 2284; x_wconf 88' lang='lat' dir='ltr'><strong>valde</strong></span> <span class='ocrx_word' id='word_1_133' title='bbox 525 2220 627 2284; x_wconf 86' lang='lat' dir='ltr'><strong>libera.</strong></span> 
     </span>
    </p>
   </div>
   <div class='ocr_carea' id='block_1_6' title="bbox 53 2349 1009 3534">
    <p class='ocr_par' dir='ltr' id='par_1_7' title="bbox 53 2349 1009 3534">
     <span class='ocr_line' id='line_1_20' title="bbox 114 2349 1009 2436; baseline -0.001 -18"><span class='ocrx_word' id='word_1_134' title='bbox 114 2355 150 2418; x_wconf 89' lang='lat' dir='ltr'><strong>V.</strong></span> <span class='ocrx_word' id='word_1_135' title='bbox 176 2353 369 2419; x_wconf 75' lang='lat'><strong>133-134,</strong></span> <span class='ocrx_word' id='word_1_136' title='bbox 414 2353 447 2416; x_wconf 80' lang='grc' dir='ltr'><strong>ἐκ</strong></span> <span class='ocrx_word' id='word_1_137' title='bbox 466 2349 494 2416; x_wconf 84' lang='lat' dir='ltr'><strong>d’</strong></span> <span class='ocrx_word' id='word_1_138' title='bbox 517 2387 560 2414; x_wconf 76' lang='grc'><strong>-,-</strong></span> <span class='ocrx_word' id='word_1_139' title='bbox 580 2354 669 2417; x_wconf 78' lang='grc' dir='ltr'><strong><em>αἰδῶ·</em></strong></span> <span class='ocrx_word' id='word_1_140' title='bbox 701 2351 731 2415; x_wconf 84' lang='lat' dir='ltr'><strong>h.</strong></span> <span class='ocrx_word' id='word_1_141' title='bbox 755 2373 783 2416; x_wconf 86' lang='lat' dir='ltr'><strong>e.</strong></span> <span class='ocrx_word' id='word_1_142' title='bbox 806 2361 836 2416; x_wconf 81' lang='lat' dir='ltr'><strong>et</strong></span> <span class='ocrx_word' id='word_1_143' title='bbox 852 2357 1009 2436; x_wconf 73' lang='lat' dir='ltr'><strong>percussit</strong></span> 
     </span>
     <span class='ocr_line' id='line_1_21' title="bbox 54 2451 1006 2537; baseline -0.003 -18"><span class='ocrx_word' id='word_1_144' title='bbox 54 2479 158 2520; x_wconf 85' lang='lat' dir='ltr'><strong>meum</strong></span> <span class='ocrx_word' id='word_1_145' title='bbox 183 2457 393 2518; x_wconf 81' lang='lat' dir='ltr'><strong>uerecundum</strong></span> <span class='ocrx_word' id='word_1_146' title='bbox 413 2455 587 2537; x_wconf 84' lang='lat' dir='ltr'><strong>pudorem,</strong></span> <span class='ocrx_word' id='word_1_147' title='bbox 613 2452 661 2516; x_wconf 90' lang='lat' dir='ltr'><strong>vel</strong></span> <span class='ocrx_word' id='word_1_148' title='bbox 682 2451 815 2516; x_wconf 82' lang='lat' dir='ltr'><strong>excussit</strong></span> <span class='ocrx_word' id='word_1_149' title='bbox 835 2451 916 2516; x_wconf 84' lang='lat' dir='ltr'><strong>milri.</strong></span> <span class='ocrx_word' id='word_1_150' title='bbox 961 2451 1006 2516; x_wconf 71' lang='lat' dir='ltr'><strong>in-</strong></span> 
     </span>
     <span class='ocr_line' id='line_1_22' title="bbox 54 2548 1005 2637; baseline -0.003 -18"><span class='ocrx_word' id='word_1_151' title='bbox 54 2554 186 2637; x_wconf 74' lang='grc' dir='ltr'><strong><em>πλήττειν</em></strong></span> <span class='ocrx_word' id='word_1_152' title='bbox 212 2553 265 2636; x_wconf 76' lang='grc' dir='ltr'><strong>τὴν</strong></span> <span class='ocrx_word' id='word_1_153' title='bbox 286 2557 359 2618; x_wconf 79' lang='grc' dir='ltr'><strong><em>αἰδῶ</em></strong></span> <span class='ocrx_word' id='word_1_154' title='bbox 377 2548 500 2616; x_wconf 83' lang='lat' dir='ltr'><strong>¹Seneca</strong></span> <span class='ocrx_word' id='word_1_155' title='bbox 524 2553 579 2636; x_wconf 84' lang='lat' dir='ltr'><strong>Ep.</strong></span> <span class='ocrx_word' id='word_1_156' title='bbox 601 2552 656 2615; x_wconf 90' lang='lat' dir='ltr'><strong>Xl.</strong></span> <span class='ocrx_word' id='word_1_157' title='bbox 686 2552 755 2615; x_wconf 88' lang='lat' dir='ltr'><strong>dicit</strong></span> <span class='ocrx_word' id='word_1_158' title='bbox 782 2564 928 2616; x_wconf 70' lang='lat' dir='ltr'><strong>excutere</strong></span> <span class='ocrx_word' id='word_1_159' title='bbox 954 2575 1005 2616; x_wconf 86' lang='lat' dir='ltr'><strong>oe-</strong></span> 
     </span>
     <span class='ocr_line' id='line_1_23' title="bbox 54 2650 1005 2738; baseline -0.002 -20"><span class='ocrx_word' id='word_1_160' title='bbox 54 2657 246 2719; x_wconf 84' lang='lat' dir='ltr'><strong>recnndiam.</strong></span> <span class='ocrx_word' id='word_1_161' title='bbox 296 2650 386 2728; x_wconf 77' lang='grc' dir='ltr'><strong><em>αἰδώς</em></strong></span> <span class='ocrx_word' id='word_1_162' title='bbox 407 2653 566 2738; x_wconf 84' lang='lat' dir='ltr'><strong>appellatur</strong></span> <span class='ocrx_word' id='word_1_163' title='bbox 584 2658 764 2735; x_wconf 79' lang='grc' dir='ltr'><strong><em>θεμερῶπις,</em></strong></span> <span class='ocrx_word' id='word_1_164' title='bbox 791 2674 878 2736; x_wconf 85' lang='lat' dir='ltr'><strong>quam</strong></span> <span class='ocrx_word' id='word_1_165' title='bbox 901 2674 1005 2717; x_wconf 87' lang='lat' dir='ltr'><strong>vocem</strong></span> 
     </span>
     <span class='ocr_line' id='line_1_24' title="bbox 54 2751 1006 2841; baseline -0.004 -21"><span class='ocrx_word' id='word_1_166' title='bbox 54 2754 183 2820; x_wconf 89' lang='lat' dir='ltr'><strong>restituit</strong></span> <span class='ocrx_word' id='word_1_167' title='bbox 205 2754 354 2840; x_wconf 83' lang='lat' dir='ltr'><strong>Bentlejus</strong></span> <span class='ocrx_word' id='word_1_168' title='bbox 384 2753 490 2838; x_wconf 89' lang='lat' dir='ltr'><strong>Opusc.</strong></span> <span class='ocrx_word' id='word_1_169' title='bbox 520 2772 549 2834; x_wconf 79' lang='lat' dir='ltr'><strong>p.</strong></span> <span class='ocrx_word' id='word_1_170' title='bbox 572 2751 643 2814; x_wconf 79' lang='lat'><strong>516.</strong></span> <span class='ocrx_word' id='word_1_171' title='bbox 673 2753 718 2814; x_wconf 87' lang='lat' dir='ltr'><strong>ed.</strong></span> <span class='ocrx_word' id='word_1_172' title='bbox 742 2751 821 2835; x_wconf 78' lang='lat' dir='ltr'><strong>Lips.</strong></span> <span class='ocrx_word' id='word_1_173' title='bbox 866 2751 1006 2841; x_wconf 88' lang='lat' dir='ltr'><strong>Hesychii</strong></span> 
     </span>
     <span class='ocr_line' id='line_1_25' title="bbox 54 2845 1006 2938; baseline -0.004 -19"><span class='ocrx_word' id='word_1_174' title='bbox 54 2857 109 2919; x_wconf 89' lang='lat' dir='ltr'><strong>hae</strong></span> <span class='ocrx_word' id='word_1_175' title='bbox 124 2865 194 2918; x_wconf 89' lang='lat' dir='ltr'><strong>suut</strong></span> <span class='ocrx_word' id='word_1_176' title='bbox 210 2855 344 2938; x_wconf 80' lang='lat' dir='ltr'><strong>glossae:</strong></span> <span class='ocrx_word' id='word_1_177' title='bbox 366 2848 503 2935; x_wconf 81' lang='grc' dir='ltr'><strong><em>θεμερὸν,</em></strong></span> <span class='ocrx_word' id='word_1_178' title='bbox 524 2845 635 2931; x_wconf 82' lang='grc' dir='ltr'><strong><em>σεμνόν.</em></strong></span> <span class='ocrx_word' id='word_1_179' title='bbox 681 2853 856 2934; x_wconf 82' lang='grc' dir='ltr'><strong><em>Θεμερῶπις,</em></strong></span> <span class='ocrx_word' id='word_1_180' title='bbox 875 2852 1006 2935; x_wconf 82' lang='grc' dir='ltr'><strong><em>ἒρασμία,</em></strong></span> 
     </span>
     <span class='ocr_line' id='line_1_26' title="bbox 54 2947 1006 3038; baseline -0.003 -20"><span class='ocrx_word' id='word_1_181' title='bbox 54 2951 183 3034; x_wconf 76' lang='grc' dir='ltr'><strong><em>αἰσχύνη.</em></strong></span> <span class='ocrx_word' id='word_1_182' title='bbox 230 2950 461 3038; x_wconf 85' lang='grc' dir='ltr'><strong><em>Θεμερόφρονας,</em></strong></span> <span class='ocrx_word' id='word_1_183' title='bbox 483 2947 628 3027; x_wconf 78' lang='grc' dir='ltr'><strong><em>συνετοὺς,</em></strong></span> <span class='ocrx_word' id='word_1_184' title='bbox 643 2947 803 3033; x_wconf 79' lang='grc' dir='ltr'><strong><em>σώφρονας.</em></strong></span> <span class='ocrx_word' id='word_1_185' title='bbox 847 2950 925 3015; x_wconf 88' lang='lat' dir='ltr'><strong>llaec</strong></span> <span class='ocrx_word' id='word_1_186' title='bbox 944 2974 1006 3016; x_wconf 87' lang='lat' dir='ltr'><strong>vox</strong></span> 
     </span>
     <span class='ocr_line' id='line_1_27' title="bbox 53 3047 1005 3133; baseline 0.001 -23"><span class='ocrx_word' id='word_1_187' title='bbox 53 3052 171 3121; x_wconf 78' lang='lat' dir='ltr'><strong>videtur</strong></span> <span class='ocrx_word' id='word_1_188' title='bbox 192 3051 347 3116; x_wconf 88' lang='lat' dir='ltr'><strong>derivanda</strong></span> <span class='ocrx_word' id='word_1_189' title='bbox 369 3075 436 3117; x_wconf 88' lang='lat' dir='ltr'><strong>esse</strong></span> <span class='ocrx_word' id='word_1_190' title='bbox 457 3073 475 3116; x_wconf 88' lang='lat' dir='ltr'><strong>a</strong></span> <span class='ocrx_word' id='word_1_191' title='bbox 494 3052 615 3131; x_wconf 74' lang='grc' dir='ltr'><strong><em>τίθημι,</em></strong></span> <span class='ocrx_word' id='word_1_192' title='bbox 647 3071 773 3133; x_wconf 91' lang='lat' dir='ltr'><strong>ponere,</strong></span> <span class='ocrx_word' id='word_1_193' title='bbox 806 3059 840 3112; x_wconf 95' lang='lat' dir='ltr'><strong>ut</strong></span> <span class='ocrx_word' id='word_1_194' title='bbox 859 3047 1005 3132; x_wconf 86' lang='lat' dir='ltr'><strong>significet</strong></span> 
     </span>
     <span class='ocr_line' id='line_1_28' title="bbox 53 3150 1005 3234; baseline -0.001 -23"><span class='ocrx_word' id='word_1_195' title='bbox 53 3151 103 3224; x_wconf 79' lang='lat' dir='ltr'><strong>id,</strong></span> <span class='ocrx_word' id='word_1_196' title='bbox 125 3150 207 3232; x_wconf 86' lang='lat' dir='ltr'><strong>qnod</strong></span> <span class='ocrx_word' id='word_1_197' title='bbox 226 3152 368 3213; x_wconf 80' lang='lat' dir='ltr'><strong>sedatum</strong></span> <span class='ocrx_word' id='word_1_198' title='bbox 389 3162 454 3225; x_wconf 68' lang='grc' dir='ltr'><strong>τοῖς</strong></span> <span class='ocrx_word' id='word_1_199' title='bbox 483 3151 558 3234; x_wconf 89' lang='lat' dir='ltr'><strong>quod</strong></span> <span class='ocrx_word' id='word_1_200' title='bbox 580 3159 677 3214; x_wconf 87' lang='lat' dir='ltr'><strong>autem</strong></span> <span class='ocrx_word' id='word_1_201' title='bbox 698 3151 850 3220; x_wconf 88' lang='lat' dir='ltr'><strong>sedatum,</strong></span> <span class='ocrx_word' id='word_1_202' title='bbox 873 3158 920 3211; x_wconf 84' lang='lat' dir='ltr'><strong>cst</strong></span> <span class='ocrx_word' id='word_1_203' title='bbox 941 3168 1005 3228; x_wconf 80' lang='grc' dir='ltr'><strong>σιμ</strong></span> 
     </span>
     <span class='ocr_line' id='line_1_29' title="bbox 54 3246 1005 3333; baseline -0.007 -19"><span class='ocrx_word' id='word_1_204' title='bbox 54 3247 125 3325; x_wconf 86' lang='grc' dir='ltr'><strong><em>νὸν,</em></strong></span> <span class='ocrx_word' id='word_1_205' title='bbox 163 3260 195 3312; x_wconf 87' lang='lat' dir='ltr'><strong>nt</strong></span> <span class='ocrx_word' id='word_1_206' title='bbox 224 3248 387 3333; x_wconf 82' lang='lat' dir='ltr'><strong>Hesychius</strong></span> <span class='ocrx_word' id='word_1_207' title='bbox 414 3250 632 3331; x_wconf 88' lang='lat' dir='ltr'><strong>interpretatur.</strong></span> <span class='ocrx_word' id='word_1_208' title='bbox 687 3248 813 3311; x_wconf 86' lang='lat' dir='ltr'><strong>Omnino</strong></span> <span class='ocrx_word' id='word_1_209' title='bbox 842 3257 888 3308; x_wconf 90' lang='lat' dir='ltr'><strong>est</strong></span> <span class='ocrx_word' id='word_1_210' title='bbox 913 3246 1005 3328; x_wconf 87' lang='lat' dir='ltr'><strong>igitur</strong></span> 
     </span>
     <span class='ocr_line' id='line_1_30' title="bbox 53 3339 1003 3433; baseline -0.008 -19"><span class='ocrx_word' id='word_1_211' title='bbox 53 3347 180 3433; x_wconf 86' lang='grc' dir='ltr'><strong><em>θεμερὸς</em></strong></span> <span class='ocrx_word' id='word_1_212' title='bbox 199 3349 364 3422; x_wconf 84' lang='lat' dir='ltr'><strong>modestus,</strong></span> <span class='ocrx_word' id='word_1_213' title='bbox 384 3351 579 3430; x_wconf 79' lang='lat' dir='ltr'><strong>tranquiline.</strong></span> <span class='ocrx_word' id='word_1_214' title='bbox 621 3352 786 3430; x_wconf 77' lang='grc' dir='ltr'><strong><em>θεμερῶπις</em></strong></span> <span class='ocrx_word' id='word_1_215' title='bbox 800 3339 889 3417; x_wconf 74' lang='grc' dir='ltr'><strong><em>αἰδὼς</em></strong></span> <span class='ocrx_word' id='word_1_216' title='bbox 905 3355 1003 3406; x_wconf 92' lang='lat' dir='ltr'><strong>autem</strong></span> 
     </span>
     <span class='ocr_line' id='line_1_31' title="bbox 55 3441 1005 3534; baseline -0.012 -20"><span class='ocrx_word' id='word_1_217' title='bbox 55 3461 102 3515; x_wconf 88' lang='lat' dir='ltr'><strong>est</strong></span> <span class='ocrx_word' id='word_1_218' title='bbox 120 3452 238 3534; x_wconf 80' lang='lat' dir='ltr'><strong>pudor,</strong></span> <span class='ocrx_word' id='word_1_219' title='bbox 261 3450 317 3531; x_wconf 79' lang='lat' dir='ltr'><strong>qni</strong></span> <span class='ocrx_word' id='word_1_220' title='bbox 334 3448 454 3508; x_wconf 83' lang='lat' dir='ltr'><strong>cultum</strong></span> <span class='ocrx_word' id='word_1_221' title='bbox 471 3448 639 3508; x_wconf 82' lang='lat' dir='ltr'><strong>modestum</strong></span> <span class='ocrx_word' id='word_1_222' title='bbox 662 3449 763 3520; x_wconf 83' lang='lat' dir='ltr'><strong>dalet,</strong></span> <span class='ocrx_word' id='word_1_223' title='bbox 785 3443 877 3527; x_wconf 91' lang='lat' dir='ltr'><strong>pudor</strong></span> <span class='ocrx_word' id='word_1_224' title='bbox 895 3441 1005 3504; x_wconf 88' lang='lat' dir='ltr'><strong>amabi·</strong></span> 
     </span>
    </p>
   </div>
   <div class='ocr_carea' id='block_1_7' title="bbox 54 3541 1007 3712">
    <p class='ocr_par' dir='ltr' id='par_1_8' title="bbox 54 3541 1007 3712">
     <span class='ocr_line' id='line_1_32' title="bbox 54 3541 1007 3626; baseline -0.008 -14"><span class='ocrx_word' id='word_1_225' title='bbox 54 3550 103 3612; x_wconf 90' lang='lat' dir='ltr'><strong>lis.</strong></span> <span class='ocrx_word' id='word_1_226' title='bbox 148 3546 331 3610; x_wconf 84' lang='lat' dir='ltr'><strong>Oceanitides</strong></span> <span class='ocrx_word' id='word_1_227' title='bbox 352 3567 405 3620; x_wconf 91' lang='lat' dir='ltr'><strong>eo,</strong></span> <span class='ocrx_word' id='word_1_228' title='bbox 428 3545 503 3626; x_wconf 90' lang='lat' dir='ltr'><strong>quod</strong></span> <span class='ocrx_word' id='word_1_229' title='bbox 527 3543 701 3622; x_wconf 83' lang='lat' dir='ltr'><strong>audiebant,</strong></span> <span class='ocrx_word' id='word_1_230' title='bbox 727 3546 768 3608; x_wconf 88' lang='lat' dir='ltr'><strong>ita</strong></span> <span class='ocrx_word' id='word_1_231' title='bbox 792 3551 863 3604; x_wconf 85' lang='lat' dir='ltr'><strong>sunt</strong></span> <span class='ocrx_word' id='word_1_232' title='bbox 881 3541 1007 3606; x_wconf 81' lang='lat' dir='ltr'><strong>exterri-</strong></span> 
     </span>
     <span class='ocr_line' id='line_1_33' title="bbox 91 3625 820 3712; baseline -0.01 -14"><span class='ocrx_word' id='word_1_233' title='bbox 91 3651 240 3712; x_wconf 66' lang='lat' dir='ltr'><strong>&#39;procurer</strong></span> <span class='ocrx_word' id='word_1_234' title='bbox 262 3658 461 3699; x_wconf 77' lang='lat' dir='ltr'><strong>annnorueos</strong></span> <span class='ocrx_word' id='word_1_235' title='bbox 482 3658 582 3696; x_wconf 84' lang='lat' dir='ltr'><strong>rrncr.</strong></span> <span class='ocrx_word' id='word_1_236' title='bbox 747 3702 751 3709; x_wconf 39' lang='lat'>‚</span> <span class='ocrx_word' id='word_1_237' title='bbox 799 3625 820 3687; x_wconf 84' lang='grc'>9</span> 
     </span>
    </p>
   </div>
   <div class='ocr_carea' id='block_1_8' title="bbox 0 0 1222 4116">
    <p class='ocr_par' dir='ltr' id='par_1_9' title="bbox 0 0 1222 4116">
     <span class='ocr_line' id='line_1_34' title="bbox 0 0 1222 4116; baseline 0 0"><span class='ocrx_word' id='word_1_238' title='bbox 0 0 1222 4116; x_wconf 95' lang='lat' dir='ltr'><strong> </strong></span> 
     </span>
    </p>
   </div>
  </div>
 </body>
</html>
