2436 4116
125 290 194 351 222
436 287 761 350 COMMENTARIUS
845 308 847 313 ·
920 307 924 312 ·

124 472 248 517 acumen
270 471 423 529 crescere3
447 450 582 536 paulatim
601 452 727 516 studium
745 451 775 515 iu
794 461 929 516 naturam
946 451 1087 527 vertisse,

123 563 157 617 ut
186 572 290 616 ornnes
318 572 352 614 ea
381 551 412 612 in
442 563 531 635 gente
552 551 686 635 oblongis
708 550 849 635 capitibus
871 560 1087 628 nascerentnr3

124 673 165 716 ex
186 671 278 734 eoque
302 650 557 733 Macrocephalcs
577 649 689 713 vocari.
735 645 987 731 ἱπποβάμονα,
1008 672 1089 734 equo

122 753 329 825 incedentem,
352 748 473 814 ἱππικὸν
494 750 592 812 Schol.
616 751 649 812 Β.

185 848 222 913 V.
246 849 319 911 807.
369 846 629 931 χρυσόρρυτον.
681 845 761 910 Auro
797 849 947 911 abundare
982 847 1085 932 plagas

123 949 189 1012 illas
220 946 484 1029 septentrionales,
516 956 633 1029 praeter
654 943 746 1010 Solio.
768 969 794 1010 c.
819 949 870 1010 15.
895 946 1005 1009 asserit
1027 946 1086 1010 He-

123 1049 218 1111 rodol.
243 1044 294 1120 ΙΙΙ,
320 1045 389 1109 116.
413 1042 488 1128 πρὸς
507 1043 540 1107 δὲ
561 1041 666 1127 ίίριιτου
687 1051 740 1124 τῆς
760 1041 908 1127 Ἐλίρρίπνγς
925 1050 1023 1130 πολλῷ
1040 1070 1086 1108 τοι

122 1153 253 1217 πλεῖστος
272 1140 376 1224 χρυσὸς
397 1146 530 1222 φαίνεται
549 1139 613 1204 ἐών.
657 1142 750 1206 Caute
773 1154 869 1206 tumen
891 1142 988 1206 subdit
1007 1141 1086 1218 ὅπως

123 1245 175 1326 μὲν
195 1238 346 1328 γινόμενος
366 1240 421 1304 οὐκ
442 1243 512 1322 ἔχω,
535 1239 705 1305 οὐδὲτοῦτο
724 1239 863 1325 ἀτρεκέως
884 1237 971 1304 εἶπαι.
1009 1241 1092 1315 Hinc,

122 1345 235 1407 Lucan.
261 1341 361 1402 Phars.
383 1340 435 1415 ΙΙΙ,
454 1341 548 1404 utto:
578 1361 716 1422 auroque
735 1343 850 1423 ligatus
869 1341 1087 1422 substringitur

122 1446 291 1521 Arimaspe
310 1444 425 1500 comos.
477 1438 572 1521 Hujus
595 1459 700 1502 caussa
723 1437 856 1522 Gryphes
878 1461 945 1502 cum
967 1439 1086 1503 Arima·

123 1541 183 1624 spis
206 1538 323 1603 assidue
344 1556 476 1620 pugnare
497 1558 537 1599 ex
553 1537 670 1600 Aristeu
690 1541 781 1601 refert
798 1537 960 1601 Pausanias
976 1537 1009 1600 iu
1027 1539 1085 1600 Co-

121 1640 242 1705 rinth·“
277 1636 383 1699 Sruuu.

185 1736 221 1799 V.
243 1738 317 1801 808.
362 1737 459 1811 νᾶμα
490 1729 724 1809 Πλούτωνος,
760 1729 817 1795 ἀπὸ
846 1738 898 1795 τοῦ
925 1728 1023 1796 πολὺν
1052 1733 1084 1795 lv

61 1842 66 1849 ”
121 1834 215 1920 τούτῳ
235 1829 342 1916 χρυσὸν
361 1829 546 1912 εὑρίσκεσθαι
561 1836 646 1892 τοῦτο
664 1826 697 1893 τὸ
713 1827 806 1912 ὄνομα
824 1828 960 1912 ἐσχηκώς.
993 1832 1084 1914 ἕτερον

122 1933 154 1997 δὲ
179 1929 231 1996 τὸν
258 1926 420 1993 Πλούτωνα
451 1926 506 1992 οὐκ
533 1926 625 2008 ὄνομα
653 1936 785 2009 ποταμοῦ
812 1931 909 2008 muci„
929 1927 1003 1993 ἀλλὰ
1032 1927 1083 1993 τὸν

47 2029 57 2035 ”
123 2036 233 2095 Νεῖλον
253 2025 358 2106 αὐτὸν,
381 2024 415 2103 ὃς
438 2024 487 2090 διὰ
507 2025 539 2090 τὸ
561 2030 688 2090 πιαίνειν
707 2023 759 2107 τὴν
778 2029 930 2111 Αἴγυπτον
949 2026 1082 2092 πλούτων

121 2131 172 2196 καὶ
190 2123 370 2213 γρυμορρόας
388 2133 530 2189 καλεῖται·
562 2124 599 2189 σὺ
621 2126 651 2188 δὲ
674 2122 713 2206 μὴ
734 2132 819 2189 τοῦτο
837 2124 917 2204 νόει,
939 2125 1000 2191 ἀλλ’
1026 2127 1082 2192 ἔτι·

120 2257 181 2315 ρον.
203 2228 300 2292 Schol.
315 2228 347 2290 B.
372 2225 528 2308 Nunquam
543 2226 616 2289 alias
632 2225 678 2288 hio
696 2225 802 2288 fluvius
821 2234 1079 2313 commemoratur,

120 2341 150 2395 ct
175 2327 339 2411 Aeschylus
372 2325 499 2389 fabulam
532 2325 680 2406 antiquam
709 2334 827 2389 secutus
854 2345 923 2390 esse
952 2322 1079 2402 videtur,

119 2427 205 2492 nohis
227 2426 312 2489 hodie
333 2424 521 2508 incognitam.
1038 2440 1042 2445 ·

180 2526 217 2590 V·
240 2525 313 2591 8t0.
339 2543 403 2607 sqq.
445 2517 616 2585 κελαινὸν
638 2527 771 2600 φῦλον,
801 2524 836 2584 οἳ
857 2518 951 2605 πρὸς
970 2519 1078 2604 ἡλίου

119 2663 161 2677 -
180 2631 330 2706 πηγαῖς.
375 2621 526 2697 „Veteres
547 2620 704 2704 Aethiopas
737 2621 772 2683 ad
796 2620 1001 2686 extremitates
1024 2632 1077 2686 ter·

119 2743 171 2785 rae
193 2723 351 2785 collocatos
373 2721 552 2794 censebunt,
584 2740 644 2782 non
667 2718 762 2781 sulum
787 2741 894 2783 versus
916 2721 1074 2795 meridiem,

119 2820 172 2884 sed
200 2830 231 2882 et
251 2829 366 2881 ‘versus
395 2817 538 2880 orientem
569 2829 598 2881 et
619 2818 818 2893 occidentem
850 2818 959 2882 etenim
983 2828 1076 2884 monet

114 2918 225 2982 strabo
247 2916 297 2979 tib.
321 2916 343 2978 l.
370 2914 406 2978 τὰ
427 2914 605 2999 μεσημβρινὰ
621 2914 715 2980 πάντα
731 2919 898 2980 Αἰθιοπίαν
916 2926 1073 2993 καλεῖσθαι,

120 3021 205 3105 cujus
227 3016 270 3081 rei
302 3026 407 3079 testem
429 3016 545 3079 adducit
566 3015 744 3100 Aeschylum
765 3016 796 3079 in
820 3016 996 3081 Prometheo
1016 3025 1073 3082 λυο-

119 3119 203 3205 μένῳ.
253 3116 376 3180 Veteres
403 3115 536 3199 sequitur
557 3114 761 3188 Ptolomaeus,
792 3116 847 3179 eloi
868 3115 900 3178 ut
921 3113 1031 3196 ὁμοίως
1050 3114 1076 3177 ci

119 3215 178 3280 dard
192 3212 243 3280 τὸν
263 3210 417 3278 Ζοιδιαιιὸν
435 3215 583 3288 οἰκοῦντες
600 3210 659 3277 ἀπὸ
677 3211 786 3287 δύσεως
803 3214 899 3296 μέχρις
920 3212 1073 3290 inmotus,

119 3315 243 3391 ὃίπαντες
272 3316 390 3397 μέλανες
414 3308 467 3386 τὰς
491 3309 578 3394 χρόας
599 3314 753 3387 Αἰθίοπες.
803 3313 873 3376 lude
900 3311 976 3396 πρὸς
996 3311 1074 3395 ἡλίου

118 3423 225 3501 πηγαῖς
241 3414 368 3500 positi.“
401 3410 530 3475 snam(
556 3411 655 3475 schot.
684 3413 719 3474 A.
751 3409 928 3476 κελαινὸν
952 3419 1073 3494 φῦλον.

113 3511 184 3594 ἤτοι
212 3516 254 3591 είς
282 3510 314 3578 τὸ
338 3513 429 3593 μέλαν
453 3511 543 3595 γένος.
584 3510 658 3593 λέγει
686 3506 754 3585 τοὺς
774 3513 943 3588 Abdicatus,
976 3513 1074 3581 οἵτινες
