2436 4116
217 323 261 383 IN
282 321 489 382 Assscflm
510 320 723 401 PRQMETn.
748 321 882 383 VINCT.
978 331 1048 389 229

67 484 186 561 αὐταῖς.
220 487 270 550 καί
289 483 322 550 τύ
344 486 398 568 μὲν
413 482 525 566 ἀληθὲς
543 492 596 566 τῆς
613 487 741 568 ἱστορίας
762 485 854 560 οὕτως
871 488 933 567 ἔχει.
976 487 994 552 ύ
1014 492 1046 554 δέ

67 584 177 670 παρύν
199 584 323 667 ποιητής
342 605 431 667 φησι,
452 581 503 647 du}
524 591 610 648 τοῦτο
631 583 776 648 ἐλεύσεται
793 588 834 660 εἰς
851 583 885 650 τὸ
898 583 1005 671 ’Ἄργος
1023 589 1046 671 ἤ

68 682 266 769 θηλύσπορος
293 684 397 768 γέννα,
428 682 450 764 ἦ
479 683 594 764 πέμπτη
624 681 684 746 οἰπύ
711 681 864 763 Ἐπάφου,
891 683 985 770 ἤγουν
1010 691 1045 752 αἱ

66 782 252 867 πεντήκοντα
272 783 432 868 θυγατέρες
451 789 504 845 τοῦ
519 788 651 858 Δαναοῦ,
674 779 723 844 διὰ
743 780 776 845 τὸ
797 781 837 865 μὴ
855 785 953 848 θέλειν
973 807 1040 851 ουν-

68 892 171 949 ελθείν
200 885 244 956 είς
270 879 365 966 γάμον
385 889 446 955 τοῖς
466 881 635 959 ἕξαὸέλφοις
659 878 764 946 αὐτῶν.
798 882 867 956 τέως
888 875 942 948 οὖν
960 883 1039 951 ύστε.

67 982 343 1067 ρονοπειοαμένοιυ
362 985 415 1042 τοῦ
438 1004 467 1043 τε
487 987 609 1043 Δαναοῦ
630 981 751 1045 καὶτοῦ
773 979 942 1064 Αἰγύπτου,
969 987 1037 1050 ἰδιο-

66 1108 119 1147 κεν
141 1079 159 1146 <i
177 1077 297 1154 Δαναὸς
317 1076 369 1154 τύις
390 1080 499 1154 οἰκείας
520 1080 685 1162 θυγατέρας
705 1081 747 1153 εἰς
767 1076 861 1162 γάμον
880 1089 941 1156 τοῖς
962 1086 1038 1158 υίοῐς

66 1178 233 1266 Αἰγύπτου.
274 1179 337 1242 ἐπεὶ
359 1177 391 1241 δέ
411 1179 549 1254 ἰπτοεῖτο,
569 1175 643 1241 κατὰ
660 1175 711 1241 τὸν
731 1176 868 1260 χρησμὸν,
889 1179 934 1244 ὅτι
955 1179 1035 1244 ύναι-

63 1279 226 1363 ρεθήοεται
244 1275 305 1342 ύπὸ
327 1274 392 1351 ένὸς
414 1278 548 1352 ἐκείνων,
577 1274 749 1360 παρήγγειλε
768 1286 832 1351 ταῖς
853 1277 1035 1362 θυγατράσιν

63 1377 159 1443 αύτοῦ
188 1376 301 1440 ἀνελεῖν
328 1372 433 1449 νυκτὸς
460 1371 530 1449 τούς
559 1377 715 1455 νυμφίους.
758 1377 809 1439 καὶ
830 1379 863 1440 αἰ
880 1378 933 1458 μέν
953 1376 1035 1443 ἄλλοι

63 1487 159 1542 πᾶσαι
180 1474 275 1550 οὕτως
296 1476 446 1557 ἐποίησαν,
468 1476 521 1554 μία
540 1473 572 1537 δέ
588 1482 748 1556 θελχθεῐσα
765 1473 826 1540 ύπό
847 1485 899 1540 τοῦ
919 1479 1033 1561 ἔρωτος,

63 1576 121 1641 οὗκ
143 1574 237 1639 ἀνεῖλε
257 1572 310 1637 τὸν
331 1577 436 1655 ἑαυτῆς
457 1575 602 1653 νυμφίον,
630 1572 692 1638 ἄλλ’
718 1577 796 1640 εἰαοε
815 1581 882 1656 ζῆν·
909 1578 975 1658 περὶ
995 1569 1033 1657 ἦς

63 1678 117 1741 καί
138 1673 155 1739 ὁ
173 1671 296 1756 ποιητής
317 1694 400 1756 φησι.
433 1673 531 1736 schol.
554 1674 591 1738 Α.

128 1773 165 1838 V.
189 1774 263 1837 858.
309 1774 347 1835 οἰ
373 1769 399 1834 δ’
425 1771 596 1854 ἐπτοημένοι
618 1775 742 1857 φρένας,
768 1777 819 1837 illi
836 1784 943 1837 οκίουι
963 1778 1031 1836 ani·

64 1894 131 1936 υιοο
156 1874 312 1955 perculsi,
341 1875 443 1934 am⁰mo
465 1879 658 1935 comtemnit·
664 1920 674 1948 ,
706 1874 734 1936 6.
760 1896 788 1936 ο.
820 1894 921 1938 amore
943 1872 1032 1937 vehe-

64 1971 157 2037 menti
184 1971 270 2053 capti.
314 1972 553 2052 περιεσπαομένοι
580 1972 631 2032 καί
662 1973 903 2053 πεφρουτισμένοι
929 1971 1028 2035 8οίιοί.

63 2073 97 2134 Β.
133 2070 253 2133 Homer.
288 2068 560 2142 0610116298.
594 2071 698 2152 φρένες
726 2070 892 2149 έποτίηθεν.
922 2069 1027 2151 Sapph.

63 2166 96 2234 τό
125 2193 175 2250 μοι
198 2165 269 2248 ’μὰν
291 2169 418 2249 ,καρδίαν
442 2168 474 2230 έν
503 2166 641 2232 στύθεοιν
661 2166 809 2231 έπτόασευ.
850 2168 896 2229 Cf.
920 2165 1030 2229 Noster

64 2269 163 2352 Suppl.
194 2289 225 2331 v.
244 2267 319 2332 220.
352 2267 399 2329 ed.
423 2266 532 2343 well„
564 2267 614 2330 ubi
645 2268 746 2330 eadem
777 2266 908 2349 imagine
935 2263 1029 2327 mitur

64 2366 241 2451 Aesohylus.
286 2365 485 2451 Eurip..1ph.
520 2365 587 2430 Aul.
619 2387 650 2429 v.
671 2365 742 2429 686.
776 2366 860 2447 ἔρωτι
883 2361 912 2426 δ’
940 2360 1028 2436 αὐτὸς

64 2465 221 2546 ἐπτοάθης.
264 2465 441 2551 Saepissime
472 2467 507 2529 de
536 2485 637 2527 amore
659 2464 790 2528 adhiberi
813 2464 867 2527 6ου
889 2465 1026 2538 κονίεται,

64 2564 178 2628 notavit
199 2563 330 2647 Toupius
349 2565 380 2626 in
402 2562 529 2647 Longin.
554 2565 595 2627 X.
635 2569 838 2627 πτοιᾶσθαι
864 2561 972 2646 λέγεται
992 2557 1026 2622 τὸ

64 2670 272 2746 παρορμᾶσθαι
293 2660 368 2746 πρὸς
378 2660 423 2725 τύ
439 2659 621 2745 Ἀφροδίσια.
637 2661 784 2747 'Hesych.

126 2764 163 2828 V.
185 2765 259 2828 869.
304 2765 446 2845 κίρκοι,
469 2771 501 2824 ut
522 2765 696 2843 accipitres,
719 2759 768 2842 qui
789 2761 940 2826 columbas
961 2774 1024 2846 γοε-Ι

62 2873 237 2947 sequuntur.
281 2861 318 2925 V.
349 2861 451 2924 Horat.
477 2859 531 2923 Od.
555 2860 580 2936 1,
602 2860 655 2930 37,
680 2859 728 2920 17.
753 2859 894 2924 abitalia
919 2859 1024 2924 volam-

63 2973 122 3026 tem
149 2961 241 3022 remis
262 2963 411 3043 adurgens
437 2962 600 3042 (accipiter
621 2959 706 3020 velut
727 2960 834 3020 molles
854 2959 1023 3031 columbos,

61 3068 114 3121 aut
136 3056 263 3135 leporem
285 3058 360 3120 οἱίοε
381 3062 530 3135 venator).
561 3055 748 3142 Lycophrom.
772 3076 804 3118 v.
827 3057 899 3119 169.
921 3055 1023 3136 κίρκον

60 3153 285 3235 καταῤῥακτῆρα
305 3152 456 3229 Paridem,
489 3156 618 3220 Helenae
639 3164 806 3236 raptorem,
829 3164 927 3217 vocat.
971 3153 1022 3214 Di·

62 3263 171 3319 cuniur
191 3262 289 3313 aulem
317 3256 471 3312 πελειῶν
500 3249 541 3312 ού
566 3250 709 3335 μακρύιν
735 3251 973 3332 λελειμμένοι,
1003 3275 1021 3312 ο

62 3351 204 3418 columbis
226 3371 287 3412 non
308 3347 409 3433 procul
429 3347 543 3423 relicti,
569 3370 630 3411 non
650 3351 744 3432 spatio
765 3348 914 3424 derelicti,
938 3350 966 3410 Ιι.
990 3372 1017 3411 ο.

63 3453 211 3516 columbis
234 3453 346 3511 acriter
367 3450 520 3509 ιἀοιααίιο
541 3457 572 3508 τί
591 3449 795 3512 imminentes.

125 3551 159 3614 V.
183 3551 245 3616 861
259 3546 382 3614 -863,
428 3545 483 3609 Hie
509 3546 592 3610 locus
622 3567 640 3609 ε
661 3547 760 3623 multis
781 3545 1046 3614 multum-lenm.
