2436 4116
205 308 250 388 m
272 327 476 388 anscnrm
499 326 709 389 rnontnrn.
734 324 869 388 vtncr.
954 329 1021 391 aaa

118 492 156 556 V.
182 492 257 555 943.
302 491 386 559 Jovis
408 514 514 557 enrsor
535 515 561 558 s.
586 492 707 556 nuntios
731 487 888 574 (ἅγγελος),
908 491 1024 555 Meron·

53 590 140 665 rino,
164 592 199 655 ad
221 612 343 655 scenam
368 594 511 657 excocto
534 593 697 656 demittitur
718 611 769 674 per
791 591 965 657 machinam.

122 689 160 754 V.
183 690 258 754 946.
304 691 497 756 Schuetzius:
531 690 625 770 Quum
648 710 836 773 peromnem
860 691 1025 755 Promethei

55 788 153 852 vineti
182 790 362 873 tragoediam
392 790 446 853 hoc
477 790 537 873 egit
562 800 662 872 poeta,
701 799 733 850 nt
760 789 845 851 nobis
874 791 1026 874 exemplar

34 943 37 947 .
57 899 240 972 proponeret
260 888 318 952 viri
339 890 424 953 fortis
447 909 512 952 cum
536 889 612 950 maia
632 890 749 951 fortuna
770 888 940 969 compositi,
964 900 1026 953 tum

56 985 92 1048 in
123 997 256 1051 extrema
286 1009 376 1052 scena
408 1008 552 1051 summam
582 987 642 1050 vim
672 997 702 1049 et
723 985 898 1049 evidentiam
920 990 1028 1054 attitit

60 1085 182 1169 imagini
207 1086 283 1170 justi
310 1095 340 1148 et
369 1085 527 1169 pertinacis
548 1085 623 1159 viri,
658 1106 743 1168 quem
766 1105 803 1147 ne
825 1087 1028 1154 atrocissimae

63 1184 178 1266 quidem
199 1184 340 1248 instantis
362 1185 482 1270 tyranni
503 1183 601 1247 minae
623 1185 773 1268 frangere,
795 1194 846 1248 aut
865 1185 899 1248 dc
917 1185 1027 1251 solidae

64 1283 171 1346 mentis
192 1293 272 1346 statu
294 1281 421 1366 dejicere
442 1284 569 1367 possint.

52 1379 80 1415 ·'
127 1380 161 1444 V.
184 1381 258 1445 946.
310 1379 366 1460 Qui
393 1389 547 1465 πικροῖς
575 1381 624 1446 vel
650 1388 797 1463 πικρῶν
820 1383 1029 1473 conjecerunt,
1088 1465 1093 1477 .

69 1477 166 1544 iovem
188 1491 218 1544 et
239 1480 334 1565 ipsum
356 1479 461 1564 πικρὸν
482 1492 612 1557 vocant,
635 1483 711 1564 quod
733 1483 862 1566 ineptum
886 1494 942 1545 est.

128 1579 165 1643 V.
184 1580 257 1643 947.
300 1576 364 1644 τὸν
383 1577 539 1662 ἡμέροις
558 1602 613 1665 ego
632 1602 649 1643 e
667 1581 814 1644 codicibus
832 1593 861 1646 et
877 1582 974 1645 Schol.
989 1584 1025 1646 A.
1075 1600 1078 1610 ·

73 1676 191 1760 scripsi,
221 1698 308 1762 quom
337 1676 388 1742 τὸν
408 1679 551 1743 articulus
573 1691 602 1743 et
624 1680 659 1742 ab
681 1680 816 1742 omnibus
837 1680 920 1743 libris
942 1681 1027 1744 exhi·

74 1773 170 1838 beator
191 1787 220 1840 ot
240 1777 419 1842 omittendus
442 1800 502 1841 non
518 1799 585 1843 esso
602 1778 749 1854 videatur,
774 1778 910 1860 qnoniam
930 1790 958 1842 ct
977 1801 1030 1843 an·

74 1874 172 1938 [coedit
193 1886 224 1940 et
248 1875 399 1957 sequitor=
411 1861 472 1941 Ιτὸν
493 1875 588 1959 πυρὸς
605 1877 736 1956 κλέπτην.
779 1877 855 1940 Eum
873 1877 963 1961 igitur
979 1901 1043 1963 po·.

73 1973 156 2035 stnlat
179 1984 210 2037 et
232 1974 376 2037 orationis
396 1976 540 2060 elegantia
563 1988 593 2039 et
614 1975 759 2059 gravitas,
783 1995 859 2056 quae
874 1977 1028 2056 minuitur,

73 2067 95 2128 Si
122 2094 187 2136 cum
218 2073 406 2150 Blomfieldo,
432 2075 483 2158 qni
504 2073 556 2138 τὸν
585 2075 691 2158 ejecit,
722 2073 799 2136 hunc
820 2072 916 2137 locum
937 2076 1029 2144 intere

69 2182 239 2246 precamur:
271 2176 353 2255 „qui
371 2183 481 2236 eontra
502 2176 575 2237 deos
594 2175 749 2256 peccasti,
781 2173 929 2254 beneflcio
950 2197 1032 2238 mor·

67 2272 184 2334 talibas
207 2275 445 2353 praestando‚“
477 2284 510 2336 ut
538 2274 628 2336 verba
658 2266 899 2352 τὸν-πορόντα
927 2294 1029 2339 eorum

66 2382 143 2444 quae
163 2373 340 2454 praecedunt
361 2369 426 2454 (τὸν
445 2369 629 2454 ἐξαμαρτόντ’
650 2374 691 2446 εἰς
706 2367 809 2447 θεοὺς)
827 2370 1030 2455 interpretatio

63 2464 141 2534 sint.
187 2468 224 2534 Ut
245 2491 334 2554 snpra
362 2493 393 2535 v.
420 2471 494 2534 348.
518 2469 591 2553 πρὸς
619 2470 800 2552 ἑσπέρους
819 2466 945 2548 τόπους,
973 2472 1032 2538 Aa·

62 2569 190 2655 Schyltts
211 2568 259 2631 hio
279 2566 386 2650 ἥμερος
408 2584 460 2654 pro
481 2568 599 2653 ἦμέρισς
619 2591 645 2632 s.
668 2567 824 2651 ἡμερήσιος
845 2571 1010 2654 usurpavit.

132 2669 169 2732 V.
190 2669 263 2733 952.
309 2668 401 2748 μηδὲ
421 2693 483 2749 μοι
505 2664 923 2755 διπλᾶς-ποοςβάλφς,
946 2693 1030 2746 ,,ποο

58 2770 148 2830 moini
171 2769 217 2830 tto
246 2768 378 2828 eandem
399 2770 545 2830 aaudiat
566 2770 721 2831 redeundi
738 2771 955 2832 necessitatem
975 2774 1032 2834 im·

55 2878 187 2941 Ροπσος
207 2865 254 2928 his
277 2865 376 2930 verbis
396 2878 497 2931 monet
511 2868 690 2943 Mercurius,
710 2867 928 2950 ntasuperilua
947 2890 1031 2933 man-

59 2959 206 3029 datorum
236 2965 461 3048 deprecatione,
491 2977 520 3029 et
548 2967 634 3029 vanis
660 2965 742 3028 tovis
764 2965 945 3029 voluntatem
968 2989 1032 3031 mu·

57 3063 154 3127 tanti
176 3062 306 3127 consiliis
326 3065 482 3128 abstineat.
527 3065 570 3128 At
593 3066 664 3128 hirec
686 3063 764 3127 enim
786 3063 912 3147 pertinet
932 3086 962 3126 v.
983 3085 1030 3149 sq.

58 3171 133 3238 τοῖς
151 3157 322 3236 τοιούτοις.“
355 3163 497 3226 Sonnnrz.
543 3165 571 3226 εἰ
586 3161 640 3247 γὰρ
661 3159 783 3240 ἀσαφῶς
801 3162 910 3238 εἴποις.
923 3163 1033 3243 πέμψει

61 3277 109 3332 με
127 3259 213 3326 πάλιν
233 3258 251 3324 ὁ
274 3266 349 3335 Ζεῦς
369 3260 444 3344 πρὸς
465 3262 496 3325 σὲ
517 3263 567 3326 ἵνα
587 3269 689 3340 σαφῶς
708 3262 810 3334 εἴποις.
841 3259 938 3322 Schol.
963 3262 1004 3330 Β.

136 3360 173 3427 V.
196 3360 269 3424 955.
321 3360 577 3445 φρονήματος,
605 3360 626 3423 i.
658 3381 685 3423 e.
715 3360 889 3442 superbiae.
941 3358 1056 3443 Saepe'

65 3452 180 3524 dicitur
201 3460 273 3546 μέγα
293 3469 430 3545 φρονεῖν,
460 3472 494 3525 ut
516 3461 555 3524 sit
575 3480 725 3543 magnum
747 3461 885 3522 animum
905 3479 1035 3539 gerare,-

66 3567 135 3622 non
154 3581 225 3626 raro
245 3573 345 3626 tamen
366 3560 506 3626 omittunt
525 3559 629 3625 Gracci
651 3559 735 3644 μέγα,
766 3558 948 3642 eundemque
968 3557 1035 3634 huia
