2436 4116
15 350 19 360 ¹
44 407 46 410 y
118 319 185 382 198
282 322 286 329 “
433 306 765 374 ‚COMMENTARIUS

179 481 217 546 V.
237 478 309 545 588.
352 472 640 561 γεγυμνάκασιν,
662 477 880 543 exercuerunt,
901 477 935 531 ut
950 486 983 529 v.
1001 466 1067 530 594.

79 634 82 639 .
118 579 192 664 πρὸς
212 579 280 660 βίαν
295 572 472 660 γυμνάζεται.
514 577 685 658 Aguutemn.
706 594 737 636 v.
757 571 829 634 542.
851 569 925 650 ἔρως
943 563 1071 652 πατρῴας
1114 644 1116 651 Ι

119 681 204 761 reperio
224 683 280 760 γῆς
306 671 332 738 o'
357 671 522 758 ἐγύμνασεν.
567 673 722 736 Caeterum
743 666 958 753 γεγυμνάκασιν
979 666 1070 750 vuigo-

121 791 180 842 tnm
201 774 323 840 retinuit
344 773 532 849 Diodorfius,
559 768 800 855 antistrophinum
822 767 991 850 corrigens,
1011 787 1071 850 ego-

121 898 178 961 que
196 894 264 939 eum
288 884 409 938 secutus
430 894 510 949 sum,
532 895 620 957 quum
643 883 672 935 et
697 869 828 932 trimeter
848 866 928 930 iuter
950 866 1005 931 hos
1025 886 1071 930 nu·

120 994 220 1040 meros
240 986 325 1058 optus
346 973 397 1049 sit,
429 994 542 1057 neque,
575 973 602 1036 si
622 971 678 1034 hoo
700 979 764 1044 est,
790 963 987 1052 γεγυμνάαασ’
1009 968 1071 1031 dure

121 1094 249 1162 apocope
268 1073 458 1138 mutilandum
478 1072 623 1136 videntur.

183 1175 220 1239 V
239 1175 312 1239 593.
355 1169 498 1248 ιοός-
514 1165 671 1253 δρόμους
702 1166 889 1230 accusativus
921 1166 1069 1251 regituro

121 1260 305 1359 γυμνάζεται,
337 1283 370 1336 ut
391 1292 531 1357 suprav
551 1269 623 1333 563
648 1263 752 1341 ποινάς
771 1263 872 1330 όλέιιει.
914 1267 990 1331 Vide
1009 1287 1071 1352 quau

122 1374 162 1437 ibi
191 1371 406 1436 adnotavimus
459 1371 496 1434 fl.
526 1369 547 1432 l
577 1368 691 1453 plenius
721 1367 873 1431 direntium
900 1365 986 1431 erut·
1015 1365 1071 1443 ιοός
1101 1408 1104 1415 -

124 1469 252 1555 δρόμους
277 1477 402 1535 ποιοῦσα
429 1464 614 1554 γυμνάζεται,
640 1474 798 1531 exercetur
825 1488 878 1543 eo,
915 1469 994 1552 quod
1013 1468 1072 1534 fatti

123 1572 180 1636 hos
201 1592 319 1635 errores
342 1570 481 1656 praeloug
483 1590 526 1632 os.

187 1671 223 1734 V
247 1671 319 1734 595.
363 1664 488 1731 πόθεν
515 1661 657 1740 άπόεις,
683 1667 1068 1748 undepronuntruo,1o

125 1773 203 1834 uude
225 1766 390 1852 cognovisti
410 1777 443 1829 ut
464 1765 653 1849 pronuntiare
675 1764 781 1846 possis.
830 1765 958 1829 Miratur
978 1767 1071 1851 puello,

126 1871 192 1954 quis
214 1871 253 1931 sit
272 1868 340 1941 ille,
372 1886 458 1948 quem
481 1885 628 1947 nunquum
651 1863 782 1940 viderat,
813 1866 916 1949 etqui
938 1868 1006 1952 ejus
1024 1867 1073 1932 ori·

125 1970 222 2054 giuem
244 1978 303 2031 tum
325 1967 400 2029 bene
420 1965 531 2029 sciebat
553 1976 583 2029 et
603 1967 761 2029 fortunam.

176 2067 224 2131 V
229 2054 316 2131 597
361 2058 419 2130 uiri'
444 2063 643 2148 ἐτητυμαί.
663 2085 691 2127 e·
710 2060 948 2146 σάτονςόιληθῶς.
983 2086 1073 2148 προς·
1111 2092 1114 2097 ’

126 2174 275 2252 θροεῖς,
296 2167 486 2256 προςῳθὲγγη
510 2166 607 2230 Sohol.
631 2165 665 2228 Β

189 2267 224 2331 9.
246 2267 318 2330 599.
370 2264 557 2331 θεόσνιον
576 2261 689 2328 νόσον
714 2262 840 2348 pertinet
861 2263 898 2326 etl
924 2285 979 2339 eu,
1010 2282 1074 2348 quoe

127 2365 320 2432 Prometheus
345 2359 477 2441 dixerut;
510 2364 673 2429 nominavit
702 2364 781 2426 enim
806 2362 855 2426 ilie
881 2363 1006 2446 puellam
1027 2364 1077 2428 oio-

127 2468 294 2549 τροδόνητον
322 2475 352 2529 et
372 2464 528 2549 exposuit,
558 2464 635 2528 unde
656 2462 790 2527 inciderit
811 2463 842 2526 in
864 2462 940 2557 iram
960 2463 1077 2528 Jnnonio

128 2577 159 2631 nt
184 2568 330 2637 furorem,
362 2586 419 2648 quo
440 2564 577 2648 agitetur.
622 2563 720 2628 Sohol.
743 2563 778 2626 Β.
806 2562 948 2647 explicet:
975 2561 1077 2628 θεόθεν

129 2663 188 2729 ἀπὸ
209 2663 369 2747 τῇςἭρας
389 2659 564 2744 ὁρμωμένην.

194 2761 229 2825 V.
253 2762 326 2826 601.
371 2763 441 2827 Post
471 2764 600 2846 κέντροις
637 2762 784 2827 excidisse
817 2761 946 2827 iambum
980 2764 1080 2828 indiout

130 2861 269 2946 stropha,
305 2873 480 2948 quapropter
514 2861 559 2926 ἀεὶ
587 2864 689 2927 addidi.
737 2861 997 2945 privatiorem
1021 2882 1079 2928 oum

130 2963 301 3028 Hermanno
328 2963 415 3026 oredo
442 2964 600 3027 secuudum
624 2963 765 3047 syllohom
786 2983 903 3046 semper
925 2964 1078 3049 corripere,

130 3074 165 3128 ut
186 3083 289 3127 omues
311 3082 421 3138 voces,
443 3083 565 3144 quarum
587 3062 755 3125 terminatio
777 3072 824 3126 est
844 3062 876 3125 in
897 3069 1028 3140 αλεος,
1052 3082 1077 3124 ι.

131 3187 159 3228 c·
189 3160 352 3245 ὅειμάλεος,
378 3158 532 3245 άργάλεος,
557 3159 723 3243 οιερδάλεος,
753 3158 905 3237 offleii-eor,
934 3159 1081 3243 νηφάλιος,

55 3294 57 3299 ·
131 3249 203 3328 elini
242 3261 263 3344 ἡ
291 3261 323 3325 δὲ
347 3269 392 3325 αλ
414 3257 540 3343 συλλαβὴ
562 3257 715 3325 ἐπλεόνασε
733 3257 782 3323 διά
802 3257 856 3341 τὴν
875 3257 1008 3343 λειότητα
1026 3285 1083 3341 pu·

131 3371 201 3445 σῆς·
229 3362 300 3446 ὅπερ
318 3363 350 3426 ἕν
364 3385 393 3425 τε
409 3357 532 3442 ὀνόμασι
544 3363 652 3446 γίνεται
666 3367 727 3435 τοῖς
746 3357 795 3424 διά
809 3368 862 3424 τοῦ
878 3368 982 3437 αλιος
1001 3362 1082 3427 Eust·

133 3463 170 3524 ud
191 3462 225 3525 ll.
247 3462 312 3538 Vll,
334 3484 362 3546 p.
382 3462 455 3534 672,
472 3462 517 3527 3.
549 3463 594 3527 Gi.
619 3461 718 3548 Etym.
742 3461 784 3523 M.
809 3481 837 3540 p.
857 3463 932 3537 261,
951 3463 1004 3526 54.
1025 3483 1084 3540 φοι·

132 3558 246 3638 τάλεος·
277 3559 465 3646 παράκοπος,
493 3560 640 3644 μανιώδης
671 3561 798 3646 Hesych.
829 3567 932 3647 φοιτᾷ·
971 3563 1086 3641 βαδίζει,
