2436 4116
210 319 275 383 uos
519 309 846 407 conmonuemus

208 482 316 567 Opuso.
334 479 362 556 1,
380 499 408 564 p.
426 476 496 542 114.
520 477 579 543 levi
599 477 760 541 mutatione
778 472 962 561 ὑποστενάζει
979 472 1162 563 scribendum

209 602 277 647 esse
304 576 450 662 conjecit,
479 576 588 661 στέγειν
609 587 639 641 et
658 573 801 660 στεγάζειν
818 575 977 639 arbitratus
989 572 1163 658 'promiscuo'

209 666 354 763 usor'pmt
367 677 403 740 te
423 696 471 750 eo,
494 680 551 760 qui
570 677 689 759 aliquid
707 678 849 738 sustinet.
894 671 927 734 lu
949 673 1097 737 codicibus
1115 695 1164 736 au·

209 792 269 845 tem
298 805 316 862 y
343 786 374 841 et
398 800 417 839 ν
443 795 530 859 saepe
556 776 658 838 eodem
688 775 774 838 modo
801 771 888 836 scribi
911 782 1038 837 constat.
1084 772 1164 836 Hono

211 879 412 963 conjecturam
434 875 502 939 olim
525 875 634 953 recepit
657 874 695 938 G.
721 872 907 948 Diodorbus,
930 871 979 956 qui
1001 893 1065 934 eam
1089 892 1165 935 nuno

209 979 375 1059 improbat,
402 974 469 1059 quia
491 974 578 1058 hujus
600 974 683 1038 verbi
704 976 796 1037 forma
818 960 949 1055 prosaica
972 971 1022 1034 sit.
1066 969 1165 1059 Neque

211 1100 278 1144 eum
299 1075 408 1161 injuria
431 1073 474 1138 sio
492 1072 634 1137 statuisse
648 1072 807 1137 existumo.
844 1071 965 1135 Videtur
982 1070 1097 1155 quidem
1116 1067 1165 1134 νά-

210 1203 272 1254 τοις
289 1173 489 1259 άποστεγάζειν
506 1173 601 1259 aptius
618 1171 725 1237 tiorum
745 1191 913 1254 essequam
932 1168 1036 1246 νώτοις
1051 1168 1166 1234 ὑποστε-

123 1296 129 1302 ·
212 1274 325 1354 νάζειν,
348 1285 378 1339 at
399 1274 516 1339 videtur
538 1282 661 1336 tantum.
706 1271 763 1334 Pro
785 1291 821 1334 eo
843 1270 934 1344 euim,
957 1272 1033 1354 quod
1055 1270 1167 1356 proprie

138 1406 143 1419 ι
214 1377 366 1441 dicendum
389 1384 453 1438 erat
473 1360 576 1446 νώτοις
594 1368 741 1452 βαστάζων
760 1368 959 1448 άποστενάζει,
979 1370 1065 1455 paulo
1082 1370 1167 1434 autba-

123 1495 127 1501 “
214 1470 278 1540 eius
310 1482 394 1558 poeta
420 1470 501 1555 ponit
520 1467 623 1544 νάτοις
642 1466 841 1546 ὑποστενάζει,
869 1471 979 1533 duabus
1000 1470 1167 1535 notionibus

213 1573 246 1638 in
267 1594 356 1637 uuam
379 1570 530 1647 oonbutis,
561 1580 593 1634 ut
615 1569 722 1633 Graeoi
743 1570 851 1634 soient.
903 1572 991 1635 Recte
1012 1570 1111 1635 Sobol.
1135 1571 1165 1634 B.

215 1664 359 1758 explieat:
386 1668 447 1753 μετ’
472 1667 577 1745 ὠδίνας
597 1666 741 1749 άπανέχει.
783 1668 865 1749 Quod
886 1692 933 1735 me
954 1682 1169 1743 autemmove·

214 1773 284 1846 bat,
309 1780 342 1835 ut
361 1766 545 1844 ὑποστενάζει
567 1771 763 1853 praeferrem,
787 1780 868 1845 erat,
891 1771 966 1852 quod
988 1770 1169 1836 animadver-

215 1871 310 1934 tebam
337 1868 367 1930 in
395 1868 557 1944 vertendo,
591 1879 703 1951 poetam
731 1867 767 1931 de
787 1866 931 1931 industria
950 1869 981 1932 iu
1004 1870 1059 1934 hoo
1082 1870 1169 1934 ebore

216 1979 349 2054 repetere
376 1967 464 2031 στένω
490 1978 520 2032 et
546 1987 655 2045 voees,
690 1987 764 2050 quae
795 1969 831 2031 ab
853 1990 889 2032 eo
911 1969 1100 2046 derivantur3
1132 1971 1167 2034 oi.

217 2069 294 2134 euim
329 2089 360 2134 v.
388 2067 461 2131 397.
498 2065 585 2130 στένω
621 2084 652 2128 σε
677 2072 737 2140 τάς.
764 2089 796 2129 v.
817 2067 890 2130 404.
922 2066 1040 2133 στονόεν
1065 2070 1169 2134 λέλατιε.

217 2192 249 2234 v.
271 2168 343 2233 405.
369 2166 507 2231 στένουσα
527 2161 580 2230 τάν
602 2161 664 2229 σάν.
691 2175 725 2230 v.
742 2167 815 2231 413.
836 2165 1069 2252 μεγαλοστόνοισι
1090 2177 1169 2233 σοῖσι.

217 2291 247 2333 v.
266 2269 340 2332 434.
369 2268 517 2330 στένουσιν
538 2263 625 2349 tityon
643 2261 766 2348 οἰκτράν.
809 2264 890 2346 Qtiae
912 2267 999 2352 bttjus
1021 2269 1104 2333 verbi
1127 2290 1169 2332 re·

218 2366 318 2453 petitio
345 2366 377 2430 in
405 2370 491 2430 triste
520 2366 575 2428 boo
600 2375 687 2449 atquo
714 2366 807 2431 flebile
827 2379 1084 2454 earmeu‘optume
1104 2390 1170 2453 qua-

218 2468 302 2530 drat:
329 2477 363 2530 ut
384 2463 628 2530 verisimillimum
650 2464 706 2540 sit,
729 2465 760 2529 iu
782 2465 838 2529 boe
857 2488 972 2550 quoque
992 2490 1084 2535 versu
1103 2468 1170 2534 τίπο-

218 2562 359 2643 στενάζειν
391 2576 472 2628 reote
498 2585 531 2628 se
557 2563 675 2641 babere.
735 2566 891 2629 Caeterum
917 2564 1101 2645 ὑποστενάζει
1129 2579 1171 2633 ost

220 2664 363 2727 diffieilior
383 2663 481 2727 leutio.
525 2662 674 2726 Librarius
696 2675 794 2728 autem
816 2666 938 2749 repetito
959 2671 1050 2732 verbo
1070 2669 1172 2733 στένειν

220 2764 359 2827 adductos
388 2782 477 2838 esse,
506 2772 539 2825 ut
565 2758 748 2839 άπαστενάζει
768 2765 918 2830 oculorum
940 2789 1043 2833 errore
1066 2772 1172 2833 seribe'·

220 2871 305 2936 ient,
337 2862 403 2925 leve
429 2873 632 2946 argumentum
654 2884 722 2928 esse
743 2875 832 2948 puto,
862 2865 888 2929 si
908 2868 973 2952 quis
997 2868 1053 2932 boo
1073 2879 1173 2934 oontrs

221 2983 268 3026 me
287 2963 427 3047 preferat.
705 3019 710 3023 .

283 3060 320 3125 V.
337 3061 409 3124 432.
442 3062 671 3143 ξυμπίτνων,
691 3020 869 3142 συμπίπτων,
890 3062 1060 3148 συγκρούειν
1076 3067 1170 3130 Sebol.

221 3162 254 3225 B.
294 3160 412 3223 Fluctus
440 3161 546 3225 dieitur
572 3161 726 3226 eouoidere
752 3161 827 3225 alius
847 3184 936 3248 super
956 3165 1056 3229 alium.
1103 3169 1173 3232 Cae·

221 3272 315 3325 terum
333 3258 406 3324 baec
427 3260 576 3344 pertinent
594 3262 629 3324 ad
648 3260 863 3338 Prometheum,
886 3284 945 3328 uon
963 3266 998 3328 od
1015 3266 1173 3342 Atlantem,

221 3371 254 3424 ut
281 3359 457 3424 Schuetzius
484 3369 576 3445 putat
627 3360 705 3425 Beue
732 3362 903 3425 observavit
928 3362 984 3427 boo
1005 3365 1119 3431 Sobol.
1128 3368 1173 3441 tt,

222 3460 270 3544 qtti
293 3460 353 3524 ait:
382 3460 498 3542 ἐνέβαλε
517 3457 550 3524 δέ
565 3456 615 3524 διά
631 3457 765 3543 μέσον
735 3484 789 3544 την
805 3467 858 3525 τοῦ
869 3458 1027 3539 ’Ἄτλαντος
1043 3467 1175 3561 ἱστορίαν

285 3559 322 3623 V.
346 3548 419 3626 433.
460 3556 592 3638 ’Ἀΐδας
628 3571 658 3626 et
685 3566 754 3645 μᾶς
780 3561 886 3648 duplex
906 3563 1055 3647 genitivus
1077 3568 1178 3653 pendet
