2436 4116
134 339 203 402 254
457 338 785 403 COMMENTARIUS

130 506 209 567 uicti
231 504 374 576 verbum,
408 503 438 566 lt.
462 525 490 568 e.
522 504 680 588 protulisti.
724 506 906 590 παρασύρειν
926 510 1042 593 proprie
1064 514 1095 577 tle

129 612 264 666 torrente
285 602 358 676 dici,
390 608 446 686 qui
463 603 594 667 violento
615 604 724 689 impetu
746 607 893 671 obstantia
915 630 1022 673 secum
1042 634 1091 674 ru-

124 707 214 787 piut,
256 703 427 766 observavit
459 703 662 778 Blomfieldus,
697 704 793 769 citans
822 706 1031 773 llemsterlius.
1059 713 1092 773 ad

127 802 250 866 Lucian.
275 801 391 884 Nigrin.
417 824 445 886 p.
466 805 518 866 ⁵5.

191 916 225 983 V.
248 918 339 981 1070.
370 914 468 993 ,τούς
493 915 680 1001 προδότας
706 945 781 1003 γαρ.
829 920 973 985 Nonnulli
996 924 1087 988 edide-

126 1029 215 1084 runt:
238 1013 307 1092 τούς
325 1014 380 1100 γὰρ
402 1013 554 1101 προδότας.
598 1018 655 1081 Set
676 1030 756 1082 recle
775 1020 841 1082 libri
860 1018 917 1104 γδιρ
938 1033 1005 1105 post
1022 1048 1087 1104 προ-

126 1116 215 1194 δότας
244 1126 423 1203 posueruut,
456 1137 512 1198 qua
539 1117 697 1200 particulae
726 1119 920 1183 collocatione
945 1120 1087 1203 προδότας

126 1222 269 1304 majorem
297 1217 357 1280 vim
379 1215 534 1298 accipitet
559 1217 681 1298 gravius
703 1216 905 1300 significatur,
935 1222 1014 1303 quod
1035 1244 1085 1284 vo-

126 1320 219 1385 luisse
242 1318 358 1381 videtur
379 1314 557 1398 Aeschylus,
581 1317 707 1378 tortasse
729 1326 856 1400 tangens
877 1317 974 1382 civem
997 1341 1085 1402 quen·

125 1422 191 1485 <lam
218 1414 462 1489 Atheniensium,
493 1412 541 1496 qui
574 1414 684 1496 patriae
711 1416 787 1479 male
808 1417 990 1481 consuleret.
1035 1419 1084 1480 Sin

124 1516 180 1602 γὰρ
209 1526 275 1600 post
301 1512 370 1587 τοὺς
401 1512 536 1596 ponitur,
574 1512 646 1575 hacc
677 1514 818 1597 particula
846 1517 884 1579 ad
915 1517 1083 1581 universam

124 1616 300 1682 sententiam
324 1612 459 1697 pertinet.

137 1801 141 1805 ,
186 1732 223 1794 V.
247 1730 338 1793 1073.
383 1725 457 1812 tyr>
483 1726 645 1810 προλέγω
673 1748 732 1788 non
761 1737 807 1790 est
828 1729 905 1813 quoti
926 1731 1081 1811 reprehen-

123 1834 218 1896 datur.
268 1829 332 1891 vid.
365 1828 465 1889 Herm.
500 1825 595 1889 Praei.
622 1828 657 1889 ad
687 1825 773 1910 Soph.
799 1825 870 1889 Oet.
896 1828 931 1890 Τ.
955 1852 985 1913 p.
1006 1830 1080 1905 Vll,

123 1932 172 1995 ubi
204 1930 343 1993 librorum
372 1926 545 2008 scripturam
571 1925 684 1988 delendi
707 1946 765 1987 non
789 1945 875 2008 posse
899 1928 1080 1992 demonstra-

121 2042 183 2095 tum
207 2040 262 2093 est.
308 2026 496 2090 Hermannus
517 2024 555 2086 ibi
578 2026 696 2107 probat,
725 2027 799 2106 quod
823 2025 963 2091 Pauwius
985 2031 1081 2112 conje-

122 2132 183 2207 cit,
205 2129 224 2192 ll
245 2124 274 2213 γ’
299 2122 372 2210 ἐγὼ,
402 2144 575 2207 quamquam
600 2123 655 2186 hoc
677 2144 715 2185 ne
738 2124 811 2185 satis
834 2124 946 2188 Graece
969 2129 1080 2209 quidum

123 2232 230 2294 dictum
253 2247 320 2290 esse
342 2225 502 2288 arbitratur
524 2223 719 2284 Blomlieldus.
773 2222 945 2306 Elmslejum
968 2248 1080 2311 quoque

121 2330 141 2394 ό
162 2326 190 2414 γ’
215 2325 270 2412 ἐγὼ
293 2327 414 2409 probare
436 2342 523 2406 supra
546 2322 831 2384 commemorandum
854 2333 929 2387 erat.

183 2461 219 2525 V.
247 2459 338 2522 1075.
382 2454 561 2537 luterpretos
584 2454 661 2515 conl.
687 2452 805 2516 Solonis
826 2473 956 2517 versusz

240 2579 264 2629 ct
281 2573 312 2626 ut
331 2566 489 2625 πεπόνθατε
508 2566 585 2622 δεινὰ
602 2568 641 2621 δι’
662 2565 795 2640 ὑμετέρην
811 2567 962 2639 κακότητα,

265 2652 304 2728 μή
326 2675 350 2707 τι
370 2658 445 2712 θεοῖς
464 2647 568 2706 τούτων
584 2656 689 2725 μοῖραν
706 2652 885 2725 ἔπεμφέρετε.

183 2774 221 2838 V.
248 2772 338 2838 1083.
383 2767 606 2832 σεσάλευται.
650 2769 689 2832 Et
709 2766 839 2833 σαλεύειν
860 2780 890 2834 et
905 2769 1078 2835 σαλεύεσθαι

122 2876 224 2941 eodem
253 2892 344 2937 seusu
369 2870 533 2954 promiscuo
555 2868 660 2930 licitur
681 2874 813 2931 concuti.
859 2867 957 2949 Quare
979 2893 1079 2936 carcre

118 2993 275 3062 possumus
299 2968 455 3033 Blomficltli
476 2968 645 3050 conjectura
669 2965 846 3031 σεσάλεοκεν.
889 2960 914 3020 -”

181 3092 218 3155 V.
244 3089 335 3154 1081.
361 3106 425 3169 sqq.
478 3084 582 3146 Btomr.
613 3086 691 3147 conl.
727 3085 845 3148 llcsiod.
870 3085 1023 3168 l'lteogou.
1048 3107 1076 3148 v.

116 3193 190 3259 706.
211 3187 265 3253 σὺν
288 3183 315 3250 δ’
341 3182 441 3264 ύνεμοι
463 3183 557 3245 ἔνοσιν
578 3207 608 3244 τε
637 3179 720 3248 αόνιν
738 3180 772 3247 θ’
798 3182 858 3264 δρα
879 3184 1077 3269 ἐσφαράγιζον,

117 3286 250 3376 Βροντήν
270 3310 316 3362 τε,
338 3279 480 3366 στεροπήν
500 3305 540 3358 τε,
561 3282 611 3344 καὶ
629 3279 803 3345 αδδαλόεντα
818 3281 972 3365 κεραυνόν,
994 3290 1077 3363 Κῆλα

117 3388 192 3464 Διὸς
220 3384 362 3471 μεγάλοιο.
412 3382 450 3444 Et
480 3381 580 3445 Pauw.
612 3402 659 3465 ap.
685 3381 748 3444 Cic.
778 3382 813 3445 de
841 3381 923 3445 Orat.
948 3382 1074 3455 111,39.

118 3490 297 3555 inhorrescit
320 3503 418 3554 mure,
445 3482 605 3543 Tenebrae
626 3482 897 3561 οοαιίαγιλίοοπλατ,
916 3484 1076 3563 nodoque

118 3600 149 3653 οι
171 3588 308 3651 nimbum
329 3591 474 3649 occaecat
494 3584 618 3666 αι’ςτονς
641 3580 786 3645 Flamma
806 3585 887 3643 ιἰιιατ
907 3580 1005 3645 nubea
1025 3600 1076 3642 co-
