2436 4116
262 333 306 393 ΙΝ
327 280 528 396 unsdttt'tt
552 335 762 398 PROMETH.
787 335 922 399 VlNCT.
1005 336 1066 400 175

117 516 120 521 '
198 497 249 561 καὶ
267 496 323 583 γὰρ
341 496 420 582 μέτρ’
445 496 643 584 ἀνθρώποισι,
664 503 715 565 col
734 501 806 584 μέρη
826 505 966 582 σταθμῶν

198 594 301 680 todem
320 599 412 677 ἔναξε,
433 597 580 683 κάριθμὸν
601 598 741 685 διώρισεν.
824 593 830 601 x

116 703 314 769 nubalibus
335 706 385 770 lib.
409 705 479 772 lV.:

217 811 271 867 Qui
289 811 387 880 primus
405 830 528 868 numeros
547 815 641 881 rebius,
660 813 705 883 qai
723 812 830 866 nomine
848 812 957 869 summio

216 890 359 966 Imposuit,
377 904 529 968 certumque
546 898 667 959 modum,
688 895 859 966 propriaeque
874 896 1003 964 liguram.⁸⁸

115 975 255 1042 dunum.

179 1084 216 1148 V.
239 1083 312 1149 458.
354 1084 578 1170 γραμμάτων
595 1111 632 1151 re
652 1085 869 1163 συνθέσεις,
896 1087 1070 1152 damarum·

113 1206 173 1269 que
195 1189 410 1249 consentaneo.
456 1185 526 1263 „lta
553 1187 718 1262 Cedrcnus,
742 1181 922 1268 Προμηθεὺς
942 1211 1070 1270 γραμμα-

113 1281 213 1366 τικὴν,
240 1281 281 1357 ῦς
304 1305 412 1363 φασιν,
438 1285 566 1368 ἐξεῦρεν·
592 1297 622 1350 et
642 1284 765 1359 SuidaS,
797 1282 979 1368 Προμηθεὺς
1005 1278 1072 1368 εὗρε

113 1390 228 1466 πρῶτος
247 1379 301 1464 τὴν
320 1381 519 1467 γραμματικὴν
536 1387 719 1465 φιλοσοφίαν.
760 1383 820 1449 Alii
841 1385 878 1448 td
899 1384 973 1450 alios
994 1387 1070 1450 rele-

114 1483 196 1546 runl.
241 1482 315 1546 Plin.
341 1483 405 1558 Vll,
428 1506 455 1548 c.
474 1487 544 1548 bb:
575 1485 700 1547 Latmos
718 1505 838 1568 semper
858 1485 990 1548 arbitror
1006 1489 1071 1551 As·

116 1586 216 1667 cyrios
234 1585 354 1663 samse,
385 1585 442 1646 ced
471 1585 529 1647 otio·
555 1587 642 1668 opud
660 1588 830 1669 Aegyptios
858 1606 879 1647 o
900 1584 1070 1666 Mercurio,

114 1693 152 1746 ut
173 1682 310 1756 Gellius,
334 1684 391 1746 olii
410 1685 498 1766 opud
518 1684 612 1768 Syrou
632 1685 909 1768 repertas'oolunt.
953 1684 1070 1769 Euripi·

114 1781 167 1876 des
188 1783 233 1847 ad.
247 1782 449 1860 Palamedem,
473 1785 558 1869 cujus
579 1786 634 1849 sub
657 1805 781 1870 persona
803 1782 1010 1868 ita-loquilnrc

238 1885 274 1951 cd
294 1895 346 1972 τῆς
365 1915 397 1975 γε
415 1887 512 1973 λήθης
532 1888 661 1974 φάρμακ’
684 1889 822 1976 babolene
842 1887 947 1971 μόνον,

239 1984 344 2067 domnoc
364 1991 415 2053 ιιοιὶ
435 1997 591 2069 φωνοῦντα
612 1987 755 2072 συλλαβὰς
774 1988 882 2064 τιθεὶς,

240 2087 355 2172 ἐξεῦρον
378 2085 564 2172 ἀνθρώποισι
584 2085 727 2173 γράμματ’
752 2089 888 2153 εἰδέναι.“

114 2187 252 2252 &anunm
765 2250 769 2257 ,
822 2216 827 2227 ¹

177 2288 213 2351 V.
236 2288 310 2353 459.
354 2283 499 2369 μνὴμην
528 2284 563 2351 θ’
587 2280 977 2368 οἱπάντοιν--ἒργᾶιιν
1021 2282 1070 2347 Sic

114 2384 180 2450 libri
196 2406 300 2450 omnes
317 2397 518 2470 praeterquam
537 2389 613 2471 quod
631 2386 762 2451 nonnulli
778 2380 900 2469 ἐργάτην
917 2382 1069 2447 exbibeul.

115 2485 267 2549 Sententia
289 2496 352 2549 estc
375 2487 420 2547 Et
438 2493 616 2551 memoriam
632 2491 769 2550 omnium
784 2505 889 2567 rernm
909 2483 961 2566 (iis
977 2482 1071 2564 dedi),

113 2588 277 2648 Musarum
309 2596 441 2648 matrem
469 2593 630 2670 crtficem.
692 2586 813 2649 Comma
845 2592 911 2668 post
938 2577 1074 2647 ἁπάντων

115 2687 280 2769 ponendum
311 2685 386 2759 luit,
422 2686 469 2750 vel
496 2687 652 2751 scribentis
678 2686 727 2749 vel
755 2681 931 2767 corrigentis
958 2681 1072 2746 incuria

114 2783 269 2846 omissum.
321 2783 397 2848 Dicit
424 2786 613 2850 Prometheus
645 2784 811 2847 bominibus
838 2803 871 2846 se
894 2781 1008 2846 dedisse
1030 2785 1072 2846 ia·

114 2883 252 2946 cultatem
276 2885 375 2948 ounnia
397 2886 536 2950 memoria
559 2884 840 2969 comprehendendi,
871 2903 929 2966 quo
949 2902 1073 2947 munero

114 2983 152 3044 ad
172 2981 274 3044 literas
295 2986 461 3049 mactandas
481 2985 578 3050 idonei
597 2985 663 3049 iacti
685 2983 757 3048 sint.
800 2982 879 3046 Bene
897 2981 1074 3045 Schuetzins

114 3078 176 3141 aits
207 3088 289 3140 ardes
316 3081 381 3145 sine
408 3086 547 3149 memoria
570 3107 606 3149 ne
628 3084 776 3154 exsistere
797 3082 932 3166 quidem,
965 3082 1072 3144 nedum

114 3175 215 3263 perlici
238 3195 336 3258 posse.
381 3178 411 3241 ld
434 3184 596 3268 Aeschylus
616 3184 747 3248 voluisse
768 3181 902 3256 videtur3
925 3177 1072 3253 homines,
1104 3205 1108 3210 ·

114 3276 166 3362 qui
188 3274 286 3338 omnia
307 3285 392 3338 antea
416 3278 481 3340 sine
501 3282 615 3343 ratione
645 3280 723 3364 (dcco
745 3277 875 3364 γνώμης)
898 3279 1024 3359 agebant
1045 3286 1075 3340 et

115 3376 298 3441 somniorum
326 3374 500 3459 imaginibus
522 3378 632 3441 similes
654 3391 765 3445 temere
787 3376 1034 3448 commiscebant,
1056 3396 1075 3438 a

116 3474 290 3539 Pronuetbeo
312 3476 413 3538 doctos
435 3476 546 3550 luisse,
580 3480 723 3560 quomodo
745 3500 800 3551 ea,
824 3495 898 3559 quae
919 3473 1075 3543 audiebant

115 3577 323 3661 videbantque,
346 3576 504 3640 memoriae
526 3577 742 3662 imprimerent3
765 3576 865 3640 multis
886 3571 964 3639 enim
985 3575 1075 3641 rebus
