2436 4116
93 400 100 420 .
209 323 254 385 uu
275 322 477 386 nuscum
498 321 706 386 suenum.
730 320 868 384 vmcr.
941 326 1008 399 ree

45 543 51 549 .
115 489 155 555 V.
179 490 371 556 ess-656.
412 486 533 571 βαθὺν
553 494 715 571 λειμῶνα
731 488 807 553 male
822 487 1011 557 Sebuelzium

48 591 278 675 interpretatum
301 610 369 654 esse
388 598 516 673 pratum
536 593 569 653 ἰν
589 591 672 654 ealle
693 590 896 674 depressiore,
918 603 948 656 et
968 593 1010 656 sl·
1113 587 1117 599 '

51 690 195 776 gnificare
210 690 305 774 petius
319 693 461 770 sertitem
480 712 624 774 eampum
644 689 786 773 exemplis
801 691 1015 757 demonstravit

52 789 252 854 lllomfiellus.
297 788 404 853 Aeseh.
427 788 513 875 ‚Sept
542 790 634 854 Theb.
664 785 717 852 elev
744 786 909 870 βαθύχθον’
933 787 1013 869 αἶαν,

50 889 103 958 ubi
124 888 223 953 Sehol.
245 888 281 952 A.
302 887 429 972 explieat
449 910 500 973 per
521 885 641 974 εὔγειον.
665 890 737 952 Eur.
759 887 869 952 Phoeu.
888 911 920 953 v.
938 892 1012 957 657.

50 987 129 1074 γύας
157 983 377 1070 βαθυσπόρους.
409 988 551 1052 Androm.
573 1011 604 1054 m
626 989 698 1054 635.
721 990 848 1070 βαθεῖαν
867 995 938 1072 γῆν,
967 991 1015 1055 αἰιί

53 1087 164 1174 epponi
182 1087 231 1151 ille
245 1087 287 1149 ait
300 1083 333 1149 eb
351 1089 510 1173 λεπνορέαν
527 1090 602 1173 apud
620 1089 752 1175 Thueyd.
765 1087 790 1164 l,
802 1090 832 1152 2.
855 1086 900 1152 cf.
911 1089 1013 1175 Etym.

53 1188 99 1254 Μ.
124 1208 152 1272 ρ.
173 1187 245 1257 191,
261 1185 292 1275 8.
333 1182 509 1272 Ἐαίχαρμος
532 1186 643 1271 βάσσον
661 1189 782 1272 χωρίον,
808 1182 873 1250 ἀντὶ
892 1194 945 1252 τοῦ
964 1188 1017 1271 βα·
1050 1244 1053 1249 ,

55 1283 200 1370 θύτερον,
222 1281 341 1369 εὔγειον.

122 1400 160 1465 V.
182 1401 254 1467 657.
297 1398 340 1465 τὰ
359 1399 641 1480 δῖον-πόθον,
660 1399 820 1479 ,,α1]οαίε
840 1405 950 1467 oculus
964 1406 1018 1467 ele·

59 1501 210 1564 sidetem
236 1502 390 1583 deponar,
419 1501 448 1564 h.
473 1523 500 1565 e.
531 1513 564 1566 ut
591 1502 619 1567 ei
648 1502 782 1565 satisfiat.
826 1501 909 1565 Oculi
940 1504 1019 1568 enlm

58 1607 140 1662 «eunt
158 1603 190 1664 tn
208 1620 313 1663 amore
331 1602 437 1663 duces.
482 1599 552 1668 lude
566 1597 732 1686 Hesychia:
755 1597 897 1681 ὀμματίας
913 1597 1020 1677 πόθος,

62 1694 117 1762 διὰ
135 1694 168 1762 erl
188 1699 220 1762 ἐκ
241 1705 294 1762 τοῦ
315 1696 389 1785 ὁρᾶν
407 1696 577 1764 ἁλίσκεσθαι
598 1700 695 1783 ἔρωτι·
717 1700 749 1764 ἔκ
770 1706 823 1762 τοῦ
841 1696 896 1784 γὰρ
918 1700 1022 1783 {confer

60 1799 171 1884 γίνεται
198 1796 369 1882 ἀνθρώποις
395 1801 473 1883 ἐρᾶν.
515 1800 633 1865 Amoris
655 1800 741 1864 eliam
764 1800 859 1864 sedes.
905 1799 1023 1863 Crescit

61 1901 146 1960 em'm
161 1901 286 1989 residue
301 1900 469 1981 rpeetendo
482 1919 561 1961 eura
572 1902 712 1981 paellae,
730 1900 861 1984 Propert.
875 1897 1022 1976 111,21.“

57 1996 174 2060 -Srann
219 1998 265 2061 cf.
289 1997 394 2061 Malu.
419 1998 473 2062 Gr.
498 1997 551 2061 Gr.
574 2019 615 2060 m.
647 1998 677 2079 ς.
695 1999 768 2063 430.
792 2001 821 2061 b.
843 1998 873 2061 k.
898 2020 926 2082 p.
947 1999 1021 2064 965.

61 2095 222 2160 Praeterea
237 2106 408 2181 comparant
418 2096 526 2160 Aeseb.
541 2096 639 2180 Suppl.
658 2118 690 2159 v.
705 2095 797 2160 1010.
812 2094 899 2179 Sopb.
913 2097 1021 2160 Tracb.

64 2217 98 2260 v.
118 2197 191 2260 557.
212 2196 285 2261 Eur.
306 2197 390 2282 Hipp.
413 2218 444 2261 v.
468 2193 541 2259 527.
566 2205 596 2258 et
612 2194 696 2258 orie.
715 2195 786 2258 Met.
807 2192 833 2269 1,
853 2194 926 2258 589.
942 2188 1023 2279 sqq„

65 2294 118 2358 ubi
132 2294 245 2379 Jupiter
259 2296 335 2381 ipse,
356 2316 431 2379 quae
447 2294 494 2358 hie
512 2314 564 2378 per
583 2293 727 2358 somnium
744 2292 923 2370 imlieaulur,
945 2297 1026 2382 puel·

66 2393 117 2460 lae
137 2397 291 2481 profitetur
311 2396 357 2460 bis
377 2393 497 2460 verbis:

114 2558 117 2562 .
169 2513 280 2567 Viderat
299 2512 417 2582 apetrio
434 2510 588 2564 redeuntem
606 2508 709 2577 Jupiter
725 2509 757 2562 Jo

170 2597 310 2663 Flumine,
330 2602 371 2663 et,
389 2598 413 2649 0
430 2595 504 2661 virgo
522 2595 587 2649 Jove
604 2593 683 2660 digna
701 2601 798 2662 tuoque
814 2595 921 2647 beatum

171 2681 270 2734 Nescio
286 2698 364 2750 quem
383 2679 485 2733 lactura
501 2684 574 2744 toro,
592 2687 668 2746 pete,
685 2677 802 2746 dixerat,
820 2679 926 2733 umbras

171 2767 290 2818 Altonum
303 2780 438 2817 nemorum
457 2761 498 2828 (et
509 2778 645 2815 nemorum
658 2767 848 2814 monstraverat
860 2763 989 2832 umbras),

172 2848 244 2901 Dum
262 2850 345 2910 calet,
365 2853 393 2900 et
410 2847 498 2898 medio
515 2848 555 2898 sol
573 2851 613 2897 est
630 2844 773 2897 altissimus
791 2848 864 2901 orbe.

174 2932 254 2986 Quod
272 2931 295 2983 si
314 2934 371 2985 sola
389 2931 466 2983 times
483 2930 597 2997 latebras
613 2928 711 2981 intrare
728 2929 853 2998 ferarum,

174 3012 301 3066 Praeside
318 3020 375 3067 tuta
392 3015 443 3066 deo
461 3029 597 3067 nemorum
614 3019 716 3065 secreta
732 3013 842 3079 subibis,

68 3131 71 3135 .
177 3093 235 3146 Nee
252 3095 285 3146 de
300 3098 376 3162 plebe
392 3097 460 3161 deo,
478 3098 526 3150 sed
545 3097 590 3165 qni
610 3095 734 3150 caelestia
751 3112 849 3162 magna

180 3174 291 3243 Sceptra
306 3193 384 3229 manu
403 3183 495 3244 teneo,
514 3181 561 3233 sed
578 3181 624 3248 qui
640 3197 707 3248 vaga
723 3179 832 3233 fulmina
848 3178 936 3236 mitto.

177 3260 220 3314 Ne
237 3259 300 3325 fuge
315 3275 366 3311 me.

142 3359 178 3423 V.
199 3360 272 3426 660.
296 3358 394 3423 Schol.
411 3359 444 3422 B.
464 3355 605 3439 ὑπέμεινα
625 3360 680 3445 ἐγὼ
699 3364 789 3427 εἰπεῖν
805 3358 842 3425 τὰ
856 3361 888 3426 ἐν
902 3366 937 3448 τῇ
952 3358 1037 3423 venel
1088 3418 1093 3432 ,

79 3457 255 3545 ἐπερχόμενα
275 3484 333 3542 μοι.

140 3575 177 3642 V.
198 3576 271 3643 661.
316 3571 692 3656 Πυθὼ-Δωδώνης.
733 3575 1038 3642 Anaebroulsmuma
