2436 4116
142 388 145 397 ,
275 324 318 385 lN
340 323 541 386 anselmi
561 323 770 386 Pnnnnrrt.
793 325 947 388 vtn’c’r'
1008 330 1080 394 189*

118 487 214 574 ἤλιτεν
233 493 354 575 βροτόν.
387 489 425 555 ll.
443 490 464 555 1.
488 489 615 563 additum
637 501 685 556 est
701 486 813 575 λόγοις,
835 490 856 555 i.
876 511 904 558 e.
925 495 1093 577 insonabit

117 593 228 655 νατόόε.

182 686 217 751 V.
238 687 313 754 533·
356 688 419 754 ιιαλ
445 681 579 770 μήποτ’
610 685 792 770 ἱκτακεόη.
836 689 882 753 Cf.
908 687 1070 776 sipbnj.

117 809 150 852 v·
171 787 247 852 523.
277 785 349 850 όταν
371 784 401 851 d'
423 783 548 868 όιιιορῤεῖ
566 793 685 867 μνῆστις
706 779 740 851 εὖ
760 784 954 864 πεπονθότος.
998 787 1075 853 Huie

119 885 276 972 opponitur
296 886 473 970 ἐντετηκέναι
494 885 569 971 apnrl
590 884 679 970 δορὴ.
704 885 797 950 Eleet.
824 907 855 951 v.
875 887 967 952 1311.
990 885 1076 969 μῖσός

116 1009 149 1050 τι
176 981 233 1071 yda
261 982 388 1050 παλαιόν
414 985 542 1068 ἐντέτηκέ
561 1008 619 1066 μοι.
660 986 738 1050 Με1ε
758 985 933 1050 Sebnelaina
951 982 1019 1050 τόδε
1038 987 1076 1051 ad

119 1106 175 1162 ea,
204 1104 281 1168 qnae
308 1095 471 1168 sequnntur
499 1081 573 1170 (ἦδό
591 1108 619 1147 τι
646 1085 741 1165 σιτ),
774 1086 866 1149 refert
874 1109 886 1160 3
914 1104 980 1147 nam
1003 1085 1076 1151 bare

117 1183 222 1270 gravia
243 1184 389 1248 sententia
410 1204 531 1269 prorsus
551 1184 650 1268 inepta
668 1194 761 1260 esser,
782 1204 870 1267 quum
887 1183 1077 1268 aequentibna

120 1282 196 1348 nihil
231 1283 438 1359 contineatur,
473 1283 550 1366 qnod
581 1282 740 1347 memoriae
769 1282 992 1368 imprimendum
1024 1281 1075 1347 ait.

88 1372 92 1379 ’
120 1381 225 1447 Potina
254 1383 291 1446 ad
314 1382 517 1447 antecedentia
546 1381 732 1446 referendum
759 1393 825 1459 est,
857 1391 891 1446 nt
917 1381 1017 1448 Sebol.
1038 1381 1091 1448 lla·

121 1482 210 1546 lenita
233 1478 315 1545 τόδε·
336 1477 370 1542 τό
389 1487 461 1560 τιμῶ
481 1475 550 1553 τοὺς
568 1477 669 1554 θεούς.

184 1578 453 1643 ttae-5³8.
495 1573 570 1660 nidd
597 1575 957 1660 τι-εόφροσόναιρ,
1000 1580 1077 1644 Sen-

125 1677 216 1744 tentia
241 1688 307 1742 esta
347 1677 451 1740 Dulce
470 1686 518 1740 art
527 1679 603 1761 fida
621 1698 677 1760 ape
691 1679 866 1762 producere
886 1680 1012 1762 longam
1032 1682 1092 1741 αι’-“

119 1787 209 1853 rm,
236 1779 312 1841 dam
338 1780 456 1861 apertia
482 1779 692 1861 votapaatitua
720 1783 858 1844 animum
884 1780 952 1841 alit.
995 1779 1078 1860 βίον

121 1879 280 1953 valrain,
300 1876 392 1940 vitam
415 1878 588 1954 extendere,
611 1879 701 1942 vitam
727 1899 827 1962 agere.
873 1877 977 1944 blnmi·
997 1899 1078 1942 enm·

119 1986 268 2043 memorat
289 1976 389 2040 Horat
411 1976 465 2059 Ep.
485 1975 510 2048 1,
529 1976 629 2052 5,10.
653 1979 775 2056 ianpune
793 1975 910 2050 licebit,
929 1982 1079 2041 aretinam
1204 2007 1209 2037 t

120 2097 265 2141 carmena
282 2078 414 2160 benigne
429 2073 555 2137 tendere
571 2082 703 2137 nortem.
737 2070 858 2154 θυμόν
878 2071 1078 2141 ἀλδαίνον-

120 2196 200 2242 σαν.
231 2175 277 2239 ef.
298 2166 386 2259 Sopbss
400 2173 450 2258 dj.
473 2193 503 2235 v.
520 2171 591 2235 558.
610 2172 679 2235 νέαν
696 2169 796 2253 ψυχὴν
810 2168 947 2236 ότόλλων.
969 2175 1076 2238 Aeseh.

126 2275 208 2359 Sept.
226 2274 281 2338 Th.
305 2297 336 2337 v.
358 2270 430 2339 549·
452 2268 598 2335 ἀλδαίνειν
616 2269 700 2335 κακά.
731 2271 829 2335 Sebol.
853 2271 886 2335 B.
909 2269 963 2354 τὴν
982 2271 1096 2356 ψυχὴν

124 2372 280 2452 αὔξουσαν.
322 2373 401 2437 Idem
422 2377 531 2452 φαναῖς
552 2371 697 2455 explieat:
721 2367 919 2450 σαφεστάταις.

191 2475 228 2540 V.
247 2471 442 2539 ato-541.
486 2469 558 2535 Post
575 2467 868 2551 διακναιόμενον
889 2471 995 2533 desunt
1009 2492 1082 2554 qna·

126 2587 198 2642 tuor
215 2572 366 2660 syllabae,
395 2591 470 2657 qnae
493 2591 549 2655 ego
571 2570 616 2634 sie
637 2569 750 2644 addidi,
778 2581 812 2634 nt
832 2569 869 2634 ad
889 2571 1079 2646 sententiam,

128 2696 204 2763 quae
225 2671 382 2759 praeeedit,
404 2669 581 2756 pertineant.
625 2669 783 2735 Videbatur
804 2680 901 2735 antem
916 2669 990 2734 mibi
1010 2671 1082 2735 dea·

126 2797 200 2841 ιανι
220 2771 456 2838 edmmemorntio
477 2770 627 2855 aptissima
649 2791 735 2852 esse,
764 2790 852 2855 qunm
875 2782 960 2856 poeta
980 2792 1083 2857 perge·

127 2885 198 2941 rara
230 2879 313 2954 Ζῆνα
331 2868 386 2955 γὰρ
408 2868 444 2935 od
464 2869 599 2952 τρομέων.

191 2971 228 3036 V.
251 2971 323 3034 543.
368 2972 406 3035 ἐν
427 2972 506 3058 lily
525 2992 581 3056 ego
602 2967 717 3053 recepi,
747 2977 838 3052 qnam
858 2991 919 3033 non
941 2969 1081 3047 dubitem,

131 3068 203 3153 qnin
226 3065 297 3132 όιλλόι
317 3068 349 3131 in
370 3070 488 3154 stropha
510 3081 591 3134 reete
617 3070 743 3153 legatur·
786 3070 973 3154 Respondent
992 3069 1083 3152 igitur

131 3170 207 3234 dnae
227 3168 333 3229 breves
354 3168 483 3251 syllabae
502 3170 554 3233 nni
573 3172 691 3254 longae,
715 3178 747 3232 ut
767 3189 798 3233 v.
820 3169 909 3242 548,
929 3168 979 3232 nbi
995 3165 1085 3232 deald-

128 3291 229 3349 νειρον
247 3265 413 3342 emendavi,
437 3285 524 3348 qnam
545 3269 637 3351 prima
653 3268 763 3352 syllaba
783 3267 814 3330 in
831 3263 985 3350 ἰσόνειρον,
1007 3269 1085 3349 qnod

130 3370 221 3454 vulgo
243 3366 368 3451 legitur,
398 3386 457 3428 non
479 3365 675 3447 prodneatnr.'
708 3365 776 3430 Non
797 3376 895 3429 tamen
915 3365 1085 3431 incredibile

131 3479 185 3534 est·
207 3479 237 3531 et
263 3468 325 3553 idle
351 3476 383 3530 et
410 3459 552 3546 ἰσόνειρον
579 3463 835 3548 interpretamenta
867 3484 934 3528 esse
962 3464 1095 3531 aliarum

132 3589 257 3643 roenna,
285 3577 317 3632 et
341 3588 394 3653 pre
420 3564 476 3630 bne
500 3560 664 3646 όιντόνειρον
688 3566 754 3629 enm
776 3562 904 3649 Reisigin
925 3574 1013 3650 atque
1033 3584 1095 3650 pre
