<?xml version="1.0" encoding="UTF-8"?>
<!DOCTYPE html PUBLIC "-//W3C//DTD XHTML 1.0 Transitional//EN"
    "http://www.w3.org/TR/xhtml1/DTD/xhtml1-transitional.dtd">
<html xmlns="http://www.w3.org/1999/xhtml" xml:lang="en" lang="en">
 <head>
  <title>
</title>
<meta http-equiv="Content-Type" content="text/html;charset=utf-8" />
  <meta name='ocr-system' content='tesseract 3.04.00' />
  <meta name='ocr-capabilities' content='ocr_page ocr_carea ocr_par ocr_line ocrx_word'/>
</head>
<body>
  <div class='ocr_page' id='page_1' title='image "./tragoediae01aescgoog_0159.png"; bbox 0 0 2436 4116; ppageno 0'>
   <div class='ocr_carea' id='block_1_1' title="bbox 126 294 759 363">
    <p class='ocr_par' dir='ltr' id='par_1_1' title="bbox 126 294 759 363">
     <span class='ocr_line' id='line_1_1' title="bbox 126 294 759 363; baseline -0.009 0"><span class='ocrx_word' id='word_1_1' title='bbox 126 299 192 363; x_wconf 80' lang='lat' dir='ltr'><strong>tto</strong></span> <span class='ocrx_word' id='word_1_2' title='bbox 281 338 283 343; x_wconf 68' lang='lat'>,</span> <span class='ocrx_word' id='word_1_3' title='bbox 432 294 759 358; x_wconf 71' lang='lat' dir='ltr'><strong>COMMENTARIUS</strong></span> 
     </span>
    </p>
   </div>
   <div class='ocr_carea' id='block_1_2' title="bbox 123 453 1082 841">
    <p class='ocr_par' dir='ltr' id='par_1_2' title="bbox 123 453 1082 841">
     <span class='ocr_line' id='line_1_2' title="bbox 123 453 1082 545; baseline -0.009 -17"><span class='ocrx_word' id='word_1_4' title='bbox 123 469 233 545; x_wconf 78' lang='grc' dir='ltr'><em>πηλοῦ·</em></span> <span class='ocrx_word' id='word_1_5' title='bbox 263 461 388 525; x_wconf 77' lang='grc' dir='ltr'><em>ἐπὶτῶν</em></span> <span class='ocrx_word' id='word_1_6' title='bbox 408 459 594 541; x_wconf 75' lang='grc' dir='ltr'><strong><em>βουλομένων</em></strong></span> <span class='ocrx_word' id='word_1_7' title='bbox 615 457 654 541; x_wconf 76' lang='grc' dir='ltr'><strong>μὴ</strong></span> <span class='ocrx_word' id='word_1_8' title='bbox 677 461 708 524; x_wconf 71' lang='grc' dir='ltr'><em>ἐν</em></span> <span class='ocrx_word' id='word_1_9' title='bbox 730 456 893 543; x_wconf 75' lang='grc' dir='ltr'><em>πράγμασιν</em></span> <span class='ocrx_word' id='word_1_10' title='bbox 915 453 999 521; x_wconf 80' lang='grc' dir='ltr'><em>εἶναι.</em></span> <span class='ocrx_word' id='word_1_11' title='bbox 1041 456 1082 519; x_wconf 77' lang='grc' dir='ltr'><strong>λε’-</strong></span> 
     </span>
     <span class='ocr_line' id='line_1_3' title="bbox 123 555 1080 648; baseline -0.008 -22"><span class='ocrx_word' id='word_1_12' title='bbox 123 588 203 648; x_wconf 73' lang='lat' dir='ltr'><strong>peccet</strong></span> <span class='ocrx_word' id='word_1_13' title='bbox 230 560 262 624; x_wconf 74' lang='lat' dir='ltr'><strong>dl</strong></span> <span class='ocrx_word' id='word_1_14' title='bbox 281 560 332 623; x_wconf 77' lang='grc' dir='ltr'><em>καὶ</em></span> <span class='ocrx_word' id='word_1_15' title='bbox 353 560 445 641; x_wconf 82' lang='grc' dir='ltr'><em>αΙρειν</em></span> <span class='ocrx_word' id='word_1_16' title='bbox 472 559 526 634; x_wconf 73' lang='grc' dir='ltr'><strong>ἔξω</strong></span> <span class='ocrx_word' id='word_1_17' title='bbox 550 555 628 621; x_wconf 88' lang='grc' dir='ltr'><em>πόδα</em></span> <span class='ocrx_word' id='word_1_18' title='bbox 649 561 751 632; x_wconf 78' lang='grc' dir='ltr'><em>αἰτίας.</em></span> <span class='ocrx_word' id='word_1_19' title='bbox 795 558 876 621; x_wconf 87' lang='lat' dir='ltr'><strong>Suid.</strong></span> <span class='ocrx_word' id='word_1_20' title='bbox 905 556 961 637; x_wconf 83' lang='lat' dir='ltr'><strong>Qui</strong></span> <span class='ocrx_word' id='word_1_21' title='bbox 982 558 1080 642; x_wconf 83' lang='lat' dir='ltr'><strong>pedem</strong></span> 
     </span>
     <span class='ocr_line' id='line_1_4' title="bbox 124 656 1081 732; baseline -0.005 -9"><span class='ocrx_word' id='word_1_22' title='bbox 124 661 210 723; x_wconf 88' lang='lat' dir='ltr'><strong>hahet</strong></span> <span class='ocrx_word' id='word_1_23' title='bbox 237 668 322 722; x_wconf 75' lang='lat' dir='ltr'><strong>cntra</strong></span> <span class='ocrx_word' id='word_1_24' title='bbox 344 657 440 732; x_wconf 86' lang='lat' dir='ltr'><strong>mala,</strong></span> <span class='ocrx_word' id='word_1_25' title='bbox 469 656 507 719; x_wconf 92' lang='lat' dir='ltr'><strong>iis</strong></span> <span class='ocrx_word' id='word_1_26' title='bbox 529 679 589 720; x_wconf 92' lang='lat' dir='ltr'><strong>non</strong></span> <span class='ocrx_word' id='word_1_27' title='bbox 611 658 770 721; x_wconf 90' lang='lat' dir='ltr'><strong>obstrictus</strong></span> <span class='ocrx_word' id='word_1_28' title='bbox 792 667 857 732; x_wconf 87' lang='lat' dir='ltr'><strong>est,</strong></span> <span class='ocrx_word' id='word_1_29' title='bbox 890 657 920 718; x_wconf 85' lang='lat' dir='ltr'><strong>lr.</strong></span> <span class='ocrx_word' id='word_1_30' title='bbox 946 679 973 720; x_wconf 90' lang='lat' dir='ltr'><strong>c.</strong></span> <span class='ocrx_word' id='word_1_31' title='bbox 998 664 1081 719; x_wconf 81' lang='lat' dir='ltr'><strong>corel</strong></span> 
     </span>
     <span class='ocr_line' id='line_1_5' title="bbox 123 753 1080 841; baseline -0.005 -20"><span class='ocrx_word' id='word_1_32' title='bbox 123 760 223 821; x_wconf 66' lang='lat' dir='ltr'><strong>molto.</strong></span> <span class='ocrx_word' id='word_1_33' title='bbox 267 755 443 820; x_wconf 87' lang='lat' dir='ltr'><strong>Schuetzins</strong></span> <span class='ocrx_word' id='word_1_34' title='bbox 466 755 538 819; x_wconf 86' lang='lat' dir='ltr'><strong>haec</strong></span> <span class='ocrx_word' id='word_1_35' title='bbox 559 759 695 821; x_wconf 89' lang='lat' dir='ltr'><strong>adnotat:</strong></span> <span class='ocrx_word' id='word_1_36' title='bbox 721 753 888 831; x_wconf 70' lang='lat' dir='ltr'><strong>„Quamuis</strong></span> <span class='ocrx_word' id='word_1_37' title='bbox 909 756 972 818; x_wconf 91' lang='lat' dir='ltr'><strong>miti</strong></span> <span class='ocrx_word' id='word_1_38' title='bbox 992 754 1080 841; x_wconf 84' lang='lat' dir='ltr'><strong>Nym·</strong></span> 
     </span>
    </p>
   </div>
   <div class='ocr_carea' id='block_1_3' title="bbox 26 852 1081 1038">
    <p class='ocr_par' dir='ltr' id='par_1_3' title="bbox 26 852 1081 1038">
     <span class='ocr_line' id='line_1_6' title="bbox 27 852 1081 940; baseline -0.004 -21"><span class='ocrx_word' id='word_1_39' title='bbox 27 877 29 881; x_wconf 75' lang='grc'>’</span> <span class='ocrx_word' id='word_1_40' title='bbox 123 857 270 940; x_wconf 88' lang='lat' dir='ltr'><strong>pharum</strong></span> <span class='ocrx_word' id='word_1_41' title='bbox 284 854 490 938; x_wconf 83' lang='lat' dir='ltr'><strong>objurgatione</strong></span> <span class='ocrx_word' id='word_1_42' title='bbox 522 867 622 918; x_wconf 86' lang='lat' dir='ltr'><strong>tamen</strong></span> <span class='ocrx_word' id='word_1_43' title='bbox 658 852 789 917; x_wconf 88' lang='lat' dir='ltr'><strong>irritatus</strong></span> <span class='ocrx_word' id='word_1_44' title='bbox 821 853 985 917; x_wconf 72' lang='lat' dir='ltr'><strong>Promethei</strong></span> <span class='ocrx_word' id='word_1_45' title='bbox 1021 852 1081 917; x_wconf 87' lang='lat' dir='ltr'><strong>ani·</strong></span> 
     </span>
     <span class='ocr_line' id='line_1_7' title="bbox 26 934 1077 1038; baseline -0.006 -19"><span class='ocrx_word' id='word_1_46' title='bbox 26 1022 31 1027; x_wconf 71' lang='grc'>,</span> <span class='ocrx_word' id='word_1_47' title='bbox 119 975 190 1019; x_wconf 85' lang='lat' dir='ltr'><strong>mus</strong></span> <span class='ocrx_word' id='word_1_48' title='bbox 220 952 432 1038; x_wconf 65' lang='lat' dir='ltr'><strong>aegritudinem</strong></span> <span class='ocrx_word' id='word_1_49' title='bbox 461 954 527 1037; x_wconf 86' lang='lat' dir='ltr'><strong>ejus</strong></span> <span class='ocrx_word' id='word_1_50' title='bbox 554 964 583 1016; x_wconf 88' lang='lat' dir='ltr'><strong>et</strong></span> <span class='ocrx_word' id='word_1_51' title='bbox 603 953 663 1016; x_wconf 88' lang='lat' dir='ltr'><strong>vim</strong></span> <span class='ocrx_word' id='word_1_52' title='bbox 685 934 813 1024; x_wconf 75' lang='lat' dir='ltr'><strong>doloriS,</strong></span> <span class='ocrx_word' id='word_1_53' title='bbox 850 973 906 1033; x_wconf 85' lang='lat' dir='ltr'><strong>quo</strong></span> <span class='ocrx_word' id='word_1_54' title='bbox 928 952 1077 1037; x_wconf 86' lang='lat' dir='ltr'><strong>premitur,</strong></span> 
     </span>
    </p>
   </div>
   <div class='ocr_carea' id='block_1_4' title="bbox 116 1051 1080 3625">
    <p class='ocr_par' dir='ltr' id='par_1_4' title="bbox 117 1051 1080 2512">
     <span class='ocr_line' id='line_1_8' title="bbox 122 1051 1077 1137; baseline -0.004 -21"><span class='ocrx_word' id='word_1_55' title='bbox 122 1053 251 1137; x_wconf 84' lang='lat' dir='ltr'><strong>ingenue</strong></span> <span class='ocrx_word' id='word_1_56' title='bbox 272 1051 378 1136; x_wconf 79' lang='lat' dir='ltr'><strong>prodit.</strong></span> <span class='ocrx_word' id='word_1_57' title='bbox 423 1052 533 1131; x_wconf 77' lang='lat' dir='ltr'><strong>Facile</strong></span> <span class='ocrx_word' id='word_1_58' title='bbox 555 1061 614 1125; x_wconf 84' lang='lat' dir='ltr'><strong>est,</strong></span> <span class='ocrx_word' id='word_1_59' title='bbox 636 1054 666 1112; x_wconf 78' lang='grc' dir='ltr'><em>ει·</em></span> <span class='ocrx_word' id='word_1_60' title='bbox 682 1054 750 1132; x_wconf 84' lang='lat' dir='ltr'><strong>quis</strong></span> <span class='ocrx_word' id='word_1_61' title='bbox 771 1053 910 1113; x_wconf 78' lang='lat' dir='ltr'><strong>omnibus</strong></span> <span class='ocrx_word' id='word_1_62' title='bbox 929 1055 1015 1114; x_wconf 80' lang='lat' dir='ltr'><strong>curie</strong></span> <span class='ocrx_word' id='word_1_63' title='bbox 1035 1060 1077 1113; x_wconf 88' lang='lat' dir='ltr'><strong>ct·</strong></span> 
     </span>
     <span class='ocr_line' id='line_1_9' title="bbox 123 1151 1078 1236; baseline -0.003 -20"><span class='ocrx_word' id='word_1_64' title='bbox 123 1173 183 1236; x_wconf 83' lang='lat' dir='ltr'><strong>quc</strong></span> <span class='ocrx_word' id='word_1_65' title='bbox 209 1154 366 1215; x_wconf 76' lang='lat' dir='ltr'><strong>aerumnis</strong></span> <span class='ocrx_word' id='word_1_66' title='bbox 386 1151 549 1232; x_wconf 77' lang='lat' dir='ltr'><strong>ecpedttuc</strong></span> <span class='ocrx_word' id='word_1_67' title='bbox 570 1158 632 1225; x_wconf 83' lang='lat' dir='ltr'><strong>eet,</strong></span> <span class='ocrx_word' id='word_1_68' title='bbox 663 1171 734 1212; x_wconf 87' lang='grc' dir='ltr'><em>οανι</em></span> <span class='ocrx_word' id='word_1_69' title='bbox 758 1152 836 1212; x_wconf 79' lang='lat' dir='ltr'><strong>altor</strong></span> <span class='ocrx_word' id='word_1_70' title='bbox 856 1153 998 1232; x_wconf 74' lang='lat' dir='ltr'><strong>infelices</strong></span> <span class='ocrx_word' id='word_1_71' title='bbox 1019 1172 1078 1213; x_wconf 88' lang='lat' dir='ltr'><strong>mo·</strong></span> 
     </span>
     <span class='ocr_line' id='line_1_10' title="bbox 122 1247 1078 1333; baseline -0.002 -20"><span class='ocrx_word' id='word_1_72' title='bbox 122 1272 208 1313; x_wconf 73' lang='grc' dir='ltr'><em>νιονο,</em></span> <span class='ocrx_word' id='word_1_73' title='bbox 224 1260 255 1312; x_wconf 83' lang='lat' dir='ltr'><strong>et</strong></span> <span class='ocrx_word' id='word_1_74' title='bbox 282 1250 383 1312; x_wconf 77' lang='lat' dir='ltr'><strong>cerdic</strong></span> <span class='ocrx_word' id='word_1_75' title='bbox 410 1252 578 1332; x_wconf 70' lang='lat' dir='ltr'><strong>castigarc.</strong></span> <span class='ocrx_word' id='word_1_76' title='bbox 629 1247 674 1309; x_wconf 80' lang='lat' dir='ltr'><strong>At</strong></span> <span class='ocrx_word' id='word_1_77' title='bbox 702 1248 877 1311; x_wconf 89' lang='lat' dir='ltr'><strong>sententiam</strong></span> <span class='ocrx_word' id='word_1_78' title='bbox 900 1249 1078 1333; x_wconf 81' lang='lat' dir='ltr'><strong>comparavit</strong></span> 
     </span>
     <span class='ocr_line' id='line_1_11' title="bbox 123 1344 1078 1434; baseline -0.003 -23"><span class='ocrx_word' id='word_1_79' title='bbox 123 1348 273 1431; x_wconf 88' lang='lat' dir='ltr'><strong>Staulejus</strong></span> <span class='ocrx_word' id='word_1_80' title='bbox 302 1347 403 1410; x_wconf 84' lang='lat' dir='ltr'><strong>Diouis</strong></span> <span class='ocrx_word' id='word_1_81' title='bbox 425 1346 521 1410; x_wconf 85' lang='lat' dir='ltr'><strong>Cassii</strong></span> <span class='ocrx_word' id='word_1_82' title='bbox 544 1344 650 1408; x_wconf 88' lang='lat' dir='ltr'><strong>dictum</strong></span> <span class='ocrx_word' id='word_1_83' title='bbox 681 1346 744 1426; x_wconf 85' lang='lat' dir='ltr'><strong>(lib.</strong></span> <span class='ocrx_word' id='word_1_84' title='bbox 768 1348 854 1430; x_wconf 77' lang='lat'>38.)=</span> <span class='ocrx_word' id='word_1_85' title='bbox 884 1349 958 1434; x_wconf 75' lang='grc' dir='ltr'><em>ῥᾷον</em></span> <span class='ocrx_word' id='word_1_86' title='bbox 977 1371 1078 1431; x_wconf 87' lang='grc' dir='ltr'><em>παραι-</em></span> 
     </span>
     <span class='ocr_line' id='line_1_12' title="bbox 122 1440 1078 1531; baseline 0.001 -22"><span class='ocrx_word' id='word_1_87' title='bbox 122 1447 203 1509; x_wconf 73' lang='grc' dir='ltr'><em>νέσαι</em></span> <span class='ocrx_word' id='word_1_88' title='bbox 224 1446 337 1526; x_wconf 79' lang='grc' dir='ltr'><em>ἑτέρους</em></span> <span class='ocrx_word' id='word_1_89' title='bbox 355 1440 440 1522; x_wconf 73' lang='grc' dir='ltr'><em>ἐστὶν,</em></span> <span class='ocrx_word' id='word_1_90' title='bbox 462 1442 483 1525; x_wconf 79' lang='grc' dir='ltr'><em>ἢ</em></span> <span class='ocrx_word' id='word_1_91' title='bbox 500 1440 591 1507; x_wconf 78' lang='grc' dir='ltr'><em>αὐτὸν</em></span> <span class='ocrx_word' id='word_1_92' title='bbox 609 1442 748 1516; x_wconf 83' lang='grc' dir='ltr'><em>παθόντα</em></span> <span class='ocrx_word' id='word_1_93' title='bbox 762 1454 951 1531; x_wconf 78' lang='grc' dir='ltr'><em>καρτερῆσαι,</em></span> <span class='ocrx_word' id='word_1_94' title='bbox 973 1470 1008 1511; x_wconf 87' lang='lat' dir='ltr'><strong>au</strong></span> <span class='ocrx_word' id='word_1_95' title='bbox 1025 1448 1078 1510; x_wconf 87' lang='lat' dir='ltr'><strong>Te·</strong></span> 
     </span>
     <span class='ocr_line' id='line_1_13' title="bbox 121 1541 1077 1628; baseline 0.003 -21"><span class='ocrx_word' id='word_1_96' title='bbox 121 1543 289 1609; x_wconf 82' lang='lat' dir='ltr'><strong>rentianum</strong></span> <span class='ocrx_word' id='word_1_97' title='bbox 320 1543 390 1606; x_wconf 93' lang='lat' dir='ltr'><strong>illud</strong></span> <span class='ocrx_word' id='word_1_98' title='bbox 420 1543 527 1626; x_wconf 82' lang='lat' dir='ltr'><strong>(Andr.</strong></span> <span class='ocrx_word' id='word_1_99' title='bbox 549 1541 601 1618; x_wconf 94' lang='grc' dir='ltr'>ΙΙΙ,</span> <span class='ocrx_word' id='word_1_100' title='bbox 627 1545 656 1618; x_wconf 90' lang='grc' dir='ltr'><strong>Ι,</strong></span> <span class='ocrx_word' id='word_1_101' title='bbox 677 1545 745 1625; x_wconf 82' lang='grc'>9.),</span> <span class='ocrx_word' id='word_1_102' title='bbox 778 1547 854 1628; x_wconf 91' lang='lat' dir='ltr'><strong>quod</strong></span> <span class='ocrx_word' id='word_1_103' title='bbox 882 1546 991 1610; x_wconf 87' lang='lat' dir='ltr'><strong>nemini</strong></span> <span class='ocrx_word' id='word_1_104' title='bbox 1020 1567 1077 1610; x_wconf 93' lang='lat' dir='ltr'><strong>uon</strong></span> 
     </span>
     <span class='ocr_line' id='line_1_14' title="bbox 121 1644 1079 1724; baseline 0.002 -18"><span class='ocrx_word' id='word_1_105' title='bbox 121 1653 291 1707; x_wconf 79' lang='lat' dir='ltr'><strong>succurret:</strong></span> <span class='ocrx_word' id='word_1_106' title='bbox 321 1644 431 1707; x_wconf 83' lang='lat' dir='ltr'><strong>Facile</strong></span> <span class='ocrx_word' id='word_1_107' title='bbox 448 1663 554 1706; x_wconf 84' lang='lat' dir='ltr'><strong>omnes</strong></span> <span class='ocrx_word' id='word_1_108' title='bbox 572 1663 666 1724; x_wconf 81' lang='lat' dir='ltr'><strong>quum</strong></span> <span class='ocrx_word' id='word_1_109' title='bbox 685 1646 837 1720; x_wconf 82' lang='lat' dir='ltr'><strong>calemus,</strong></span> <span class='ocrx_word' id='word_1_110' title='bbox 853 1656 937 1708; x_wconf 85' lang='lat' dir='ltr'><strong>recte</strong></span> <span class='ocrx_word' id='word_1_111' title='bbox 953 1648 1079 1709; x_wconf 76' lang='lat' dir='ltr'><strong>consilia</strong></span> 
     </span>
     <span class='ocr_line' id='line_1_15' title="bbox 123 1741 1075 1826; baseline -0.001 -22"><span class='ocrx_word' id='word_1_112' title='bbox 123 1746 260 1826; x_wconf 76' lang='lat' dir='ltr'><strong>aegrotis</strong></span> <span class='ocrx_word' id='word_1_113' title='bbox 286 1743 416 1815; x_wconf 55' lang='lat' dir='ltr'><strong>‹tamum-</strong></span> <span class='ocrx_word' id='word_1_114' title='bbox 445 1741 646 1805; x_wconf 86' lang='lat' dir='ltr'><strong>adumlrratum</strong></span> <span class='ocrx_word' id='word_1_115' title='bbox 675 1763 714 1805; x_wconf 85' lang='lat' dir='ltr'><strong>ex</strong></span> <span class='ocrx_word' id='word_1_116' title='bbox 734 1742 889 1805; x_wconf 84' lang='lat' dir='ltr'><strong>Menandri</strong></span> <span class='ocrx_word' id='word_1_117' title='bbox 909 1743 1075 1807; x_wconf 86' lang='lat' dir='ltr'><strong>versiculo:</strong></span> 
     </span>
     <span class='ocr_line' id='line_1_16' title="bbox 120 1838 1079 1924; baseline 0.002 -22"><span class='ocrx_word' id='word_1_118' title='bbox 120 1838 207 1924; x_wconf 74' lang='grc' dir='ltr'><em>ὑγιὴς</em></span> <span class='ocrx_word' id='word_1_119' title='bbox 232 1846 375 1903; x_wconf 81' lang='grc' dir='ltr'><em>νοσοῦντα</em></span> <span class='ocrx_word' id='word_1_120' title='bbox 403 1840 496 1924; x_wconf 76' lang='grc' dir='ltr'><em>ῥᾷστα</em></span> <span class='ocrx_word' id='word_1_121' title='bbox 515 1845 574 1912; x_wconf 84' lang='grc' dir='ltr'><em>πᾶς</em></span> <span class='ocrx_word' id='word_1_122' title='bbox 593 1863 637 1913; x_wconf 88' lang='grc' dir='ltr'><em>τις</em></span> <span class='ocrx_word' id='word_1_123' title='bbox 656 1847 798 1903; x_wconf 85' lang='grc' dir='ltr'><em>νουθετεῖ.</em></span> <span class='ocrx_word' id='word_1_124' title='bbox 849 1841 1005 1904; x_wconf 81' lang='lat' dir='ltr'><strong>Caeterum</strong></span> <span class='ocrx_word' id='word_1_125' title='bbox 1027 1838 1079 1923; x_wconf 79' lang='grc' dir='ltr'><em>πή·</em></span> 
     </span>
     <span class='ocr_line' id='line_1_17' title="bbox 120 1933 1080 2022; baseline 0.001 -21"><span class='ocrx_word' id='word_1_126' title='bbox 120 1962 211 2020; x_wconf 81' lang='grc' dir='ltr'><em>ματος</em></span> <span class='ocrx_word' id='word_1_127' title='bbox 238 1938 291 2013; x_wconf 74' lang='grc' dir='ltr'><strong>ἔξω</strong></span> <span class='ocrx_word' id='word_1_128' title='bbox 317 1933 397 2000; x_wconf 85' lang='grc' dir='ltr'><em>πόδα</em></span> <span class='ocrx_word' id='word_1_129' title='bbox 425 1937 498 2018; x_wconf 75' lang='grc' dir='ltr'><em>ἔχειν</em></span> <span class='ocrx_word' id='word_1_130' title='bbox 526 1937 622 2000; x_wconf 84' lang='lat' dir='ltr'><strong>differt</strong></span> <span class='ocrx_word' id='word_1_131' title='bbox 648 1959 665 2002; x_wconf 91' lang='lat' dir='ltr'><strong>a</strong></span> <span class='ocrx_word' id='word_1_132' title='bbox 694 1938 782 2001; x_wconf 82' lang='lat' dir='ltr'><strong>simili</strong></span> <span class='ocrx_word' id='word_1_133' title='bbox 804 1938 920 2022; x_wconf 81' lang='lat' dir='ltr'><strong>phrasi,</strong></span> <span class='ocrx_word' id='word_1_134' title='bbox 949 1938 1080 2019; x_wconf 80' lang='grc' dir='ltr'><em>πήματος</em></span> 
     </span>
     <span class='ocr_line' id='line_1_18' title="bbox 117 2034 1080 2122; baseline 0.001 -22"><span class='ocrx_word' id='word_1_135' title='bbox 117 2038 176 2114; x_wconf 69' lang='grc' dir='ltr'><strong>ἔξω</strong></span> <span class='ocrx_word' id='word_1_136' title='bbox 204 2034 282 2100; x_wconf 87' lang='grc' dir='ltr'><em>πόδα</em></span> <span class='ocrx_word' id='word_1_137' title='bbox 308 2034 435 2118; x_wconf 76' lang='grc' dir='ltr'><strong><em>ἀνέχειν,</em></strong></span> <span class='ocrx_word' id='word_1_138' title='bbox 463 2038 538 2119; x_wconf 89' lang='lat' dir='ltr'><strong>quod</strong></span> <span class='ocrx_word' id='word_1_139' title='bbox 560 2047 641 2100; x_wconf 89' lang='lat' dir='ltr'><strong>recte</strong></span> <span class='ocrx_word' id='word_1_140' title='bbox 662 2037 805 2101; x_wconf 86' lang='lat' dir='ltr'><strong>Valcken.</strong></span> <span class='ocrx_word' id='word_1_141' title='bbox 827 2038 864 2101; x_wconf 90' lang='lat' dir='ltr'><strong>ad</strong></span> <span class='ocrx_word' id='word_1_142' title='bbox 885 2037 987 2120; x_wconf 87' lang='lat' dir='ltr'><strong>Eurip.</strong></span> <span class='ocrx_word' id='word_1_143' title='bbox 1012 2039 1080 2122; x_wconf 87' lang='lat' dir='ltr'><strong>Hip·</strong></span> 
     </span>
     <span class='ocr_line' id='line_1_19' title="bbox 120 2135 1079 2222; baseline 0 -21"><span class='ocrx_word' id='word_1_144' title='bbox 120 2136 179 2222; x_wconf 91' lang='lat' dir='ltr'><strong>pol.</strong></span> <span class='ocrx_word' id='word_1_145' title='bbox 209 2159 241 2200; x_wconf 83' lang='grc' dir='ltr'><strong>ν.</strong></span> <span class='ocrx_word' id='word_1_146' title='bbox 262 2137 354 2201; x_wconf 87' lang='grc'>1293.</span> <span class='ocrx_word' id='word_1_147' title='bbox 378 2135 603 2220; x_wconf 82' lang='lat' dir='ltr'><strong>interpretatur:</strong></span> <span class='ocrx_word' id='word_1_148' title='bbox 628 2138 741 2218; x_wconf 82' lang='lat' dir='ltr'><strong>pedem</strong></span> <span class='ocrx_word' id='word_1_149' title='bbox 762 2159 780 2198; x_wconf 92' lang='grc' dir='ltr'><em>ο</em></span> <span class='ocrx_word' id='word_1_150' title='bbox 800 2139 891 2198; x_wconf 76' lang='lat' dir='ltr'><strong>malis</strong></span> <span class='ocrx_word' id='word_1_151' title='bbox 910 2139 1079 2201; x_wconf 80' lang='lat' dir='ltr'><strong>retrudere.</strong></span> 
     </span>
     <span class='ocr_line' id='line_1_20' title="bbox 119 2234 1080 2318; baseline -0.001 -18"><span class='ocrx_word' id='word_1_152' title='bbox 119 2242 271 2318; x_wconf 80' lang='grc' dir='ltr'><em>παραινεῖν</em></span> <span class='ocrx_word' id='word_1_153' title='bbox 292 2243 323 2297; x_wconf 90' lang='lat' dir='ltr'><strong>et</strong></span> <span class='ocrx_word' id='word_1_154' title='bbox 338 2242 490 2298; x_wconf 81' lang='grc' dir='ltr'><em>νουθετεῖν</em></span> <span class='ocrx_word' id='word_1_155' title='bbox 509 2235 657 2299; x_wconf 84' lang='lat' dir='ltr'><strong>differunt.</strong></span> <span class='ocrx_word' id='word_1_156' title='bbox 703 2234 766 2303; x_wconf 85' lang='lat' dir='ltr'><strong>Hoc</strong></span> <span class='ocrx_word' id='word_1_157' title='bbox 783 2246 831 2299; x_wconf 94' lang='lat' dir='ltr'><strong>est</strong></span> <span class='ocrx_word' id='word_1_158' title='bbox 846 2237 1080 2318; x_wconf 78' lang='lat' dir='ltr'><strong>reprehendere,</strong></span> 
     </span>
     <span class='ocr_line' id='line_1_21' title="bbox 121 2331 1079 2417; baseline 0.001 -19"><span class='ocrx_word' id='word_1_159' title='bbox 121 2337 301 2416; x_wconf 82' lang='lat' dir='ltr'><strong>objurgare,</strong></span> <span class='ocrx_word' id='word_1_160' title='bbox 323 2331 393 2396; x_wconf 89' lang='lat' dir='ltr'><strong>illud</strong></span> <span class='ocrx_word' id='word_1_161' title='bbox 414 2354 550 2406; x_wconf 80' lang='lat' dir='ltr'><strong>monere,</strong></span> <span class='ocrx_word' id='word_1_162' title='bbox 573 2336 703 2398; x_wconf 71' lang='lat' dir='ltr'><strong>consilae</strong></span> <span class='ocrx_word' id='word_1_163' title='bbox 718 2336 830 2396; x_wconf 85' lang='lat' dir='ltr'><strong>dare.“</strong></span> <span class='ocrx_word' id='word_1_164' title='bbox 872 2343 1079 2417; x_wconf 83' lang='grc' dir='ltr'><em>παραινεῖν,</em></span> 
     </span>
     <span class='ocr_line' id='line_1_22' title="bbox 121 2428 931 2512; baseline -0.004 -17"><span class='ocrx_word' id='word_1_165' title='bbox 121 2428 336 2512; x_wconf 79' lang='grc' dir='ltr'><em>συμβουλεύειν.</em></span> <span class='ocrx_word' id='word_1_166' title='bbox 369 2439 582 2508; x_wconf 76' lang='grc' dir='ltr'><em>νουθετεῖν,</em></span> <span class='ocrx_word' id='word_1_167' title='bbox 607 2429 754 2495; x_wconf 77' lang='grc' dir='ltr'><em>διδάσκειν</em></span> <span class='ocrx_word' id='word_1_168' title='bbox 775 2432 873 2496; x_wconf 89' lang='lat' dir='ltr'><strong>Schol.</strong></span> <span class='ocrx_word' id='word_1_169' title='bbox 898 2431 931 2494; x_wconf 83' lang='grc' dir='ltr'><strong>ΙΙ.</strong></span> 
     </span>
    </p>

    <p class='ocr_par' dir='ltr' id='par_1_5' title="bbox 120 2526 1079 3085">
     <span class='ocr_line' id='line_1_23' title="bbox 184 2526 1079 2611; baseline 0.004 -19"><span class='ocrx_word' id='word_1_170' title='bbox 184 2527 220 2592; x_wconf 86' lang='grc' dir='ltr'><strong>ΙΙ.</strong></span> <span class='ocrx_word' id='word_1_171' title='bbox 240 2529 312 2593; x_wconf 82' lang='grc'><strong>266.</strong></span> <span class='ocrx_word' id='word_1_172' title='bbox 357 2526 421 2592; x_wconf 80' lang='grc' dir='ltr'><em>τὸν</em></span> <span class='ocrx_word' id='word_1_173' title='bbox 440 2537 558 2604; x_wconf 80' lang='grc' dir='ltr'><em>κακῶς</em></span> <span class='ocrx_word' id='word_1_174' title='bbox 576 2526 785 2611; x_wconf 80' lang='grc' dir='ltr'><em>πράσσοντ’.</em></span> <span class='ocrx_word' id='word_1_175' title='bbox 819 2532 867 2594; x_wconf 88' lang='lat' dir='ltr'><strong>Sic</strong></span> <span class='ocrx_word' id='word_1_176' title='bbox 883 2541 964 2594; x_wconf 86' lang='lat' dir='ltr'><strong>recte</strong></span> <span class='ocrx_word' id='word_1_177' title='bbox 979 2553 1079 2596; x_wconf 88' lang='lat' dir='ltr'><strong>emen·</strong></span> 
     </span>
     <span class='ocr_line' id='line_1_24' title="bbox 122 2626 1079 2716; baseline 0.004 -26"><span class='ocrx_word' id='word_1_178' title='bbox 122 2629 228 2691; x_wconf 88' lang='lat' dir='ltr'><strong>darunt</strong></span> <span class='ocrx_word' id='word_1_179' title='bbox 249 2626 306 2689; x_wconf 87' lang='lat' dir='ltr'><strong>viri</strong></span> <span class='ocrx_word' id='word_1_180' title='bbox 323 2626 411 2688; x_wconf 88' lang='lat' dir='ltr'><strong>docti.</strong></span> <span class='ocrx_word' id='word_1_181' title='bbox 454 2627 529 2690; x_wconf 88' lang='lat' dir='ltr'><strong>Nam</strong></span> <span class='ocrx_word' id='word_1_182' title='bbox 549 2648 637 2710; x_wconf 90' lang='lat' dir='ltr'><strong>quum</strong></span> <span class='ocrx_word' id='word_1_183' title='bbox 660 2650 708 2706; x_wconf 88' lang='lat' dir='ltr'><strong>ea,</strong></span> <span class='ocrx_word' id='word_1_184' title='bbox 732 2651 806 2713; x_wconf 86' lang='lat' dir='ltr'><strong>quae</strong></span> <span class='ocrx_word' id='word_1_185' title='bbox 825 2640 990 2713; x_wconf 87' lang='lat' dir='ltr'><strong>sequuntur</strong></span> <span class='ocrx_word' id='word_1_186' title='bbox 1011 2627 1079 2716; x_wconf 78' lang='lat' dir='ltr'><strong>(lyci</strong></span> 
     </span>
     <span class='ocr_line' id='line_1_25' title="bbox 121 2723 1078 2811; baseline 0.006 -23"><span class='ocrx_word' id='word_1_187' title='bbox 121 2724 238 2805; x_wconf 81' lang='grc' dir='ltr'><em>δὲ-),</em></span> <span class='ocrx_word' id='word_1_188' title='bbox 273 2723 423 2807; x_wconf 88' lang='lat' dir='ltr'><strong>aptissima</strong></span> <span class='ocrx_word' id='word_1_189' title='bbox 453 2723 531 2798; x_wconf 91' lang='lat' dir='ltr'><strong>sint,</strong></span> <span class='ocrx_word' id='word_1_190' title='bbox 566 2735 599 2789; x_wconf 89' lang='lat' dir='ltr'><strong>ut</strong></span> <span class='ocrx_word' id='word_1_191' title='bbox 627 2748 687 2790; x_wconf 94' lang='lat' dir='ltr'><strong>non</strong></span> <span class='ocrx_word' id='word_1_192' title='bbox 716 2729 832 2811; x_wconf 86' lang='lat' dir='ltr'><strong>possint</strong></span> <span class='ocrx_word' id='word_1_193' title='bbox 857 2731 931 2797; x_wconf 87' lang='lat' dir='ltr'><strong>bene</strong></span> <span class='ocrx_word' id='word_1_194' title='bbox 958 2731 1078 2807; x_wconf 88' lang='lat' dir='ltr'><strong>mutari,</strong></span> 
     </span>
     <span class='ocr_line' id='line_1_26' title="bbox 122 2821 1078 2912; baseline 0.007 -26"><span class='ocrx_word' id='word_1_195' title='bbox 122 2823 304 2886; x_wconf 84' lang='lat' dir='ltr'><strong>commodum</strong></span> <span class='ocrx_word' id='word_1_196' title='bbox 326 2821 381 2885; x_wconf 79' lang='lat' dir='ltr'><strong>tuit</strong></span> <span class='ocrx_word' id='word_1_197' title='bbox 407 2834 437 2886; x_wconf 87' lang='lat' dir='ltr'><strong>et</strong></span> <span class='ocrx_word' id='word_1_198' title='bbox 457 2824 542 2888; x_wconf 82' lang='lat' dir='ltr'><strong>facile</strong></span> <span class='ocrx_word' id='word_1_199' title='bbox 563 2845 615 2909; x_wconf 92' lang='lat' dir='ltr'><strong>pro</strong></span> <span class='ocrx_word' id='word_1_200' title='bbox 635 2825 739 2909; x_wconf 82' lang='lat' dir='ltr'><strong>plurali</strong></span> <span class='ocrx_word' id='word_1_201' title='bbox 761 2849 870 2911; x_wconf 88' lang='lat' dir='ltr'><strong>ponere</strong></span> <span class='ocrx_word' id='word_1_202' title='bbox 891 2828 1078 2912; x_wconf 77' lang='lat' dir='ltr'><strong>singularem.</strong></span> 
     </span>
     <span class='ocr_line' id='line_1_27' title="bbox 122 2919 1078 3005; baseline 0.008 -20"><span class='ocrx_word' id='word_1_203' title='bbox 122 2922 208 2985; x_wconf 87' lang='lat' dir='ltr'><strong>Conl.</strong></span> <span class='ocrx_word' id='word_1_204' title='bbox 232 2919 385 3005; x_wconf 83' lang='lat' dir='ltr'><strong>Aeschyl.</strong></span> <span class='ocrx_word' id='word_1_205' title='bbox 396 2922 482 2985; x_wconf 87' lang='lat' dir='ltr'><strong>Eum.</strong></span> <span class='ocrx_word' id='word_1_206' title='bbox 506 2944 537 2987; x_wconf 91' lang='lat' dir='ltr'>v</span> <span class='ocrx_word' id='word_1_207' title='bbox 560 2923 650 3000; x_wconf 89' lang='grc'><strong>300,</strong></span> <span class='ocrx_word' id='word_1_208' title='bbox 679 2925 728 2987; x_wconf 90' lang='lat' dir='ltr'><strong>ubi</strong></span> <span class='ocrx_word' id='word_1_209' title='bbox 749 2925 817 2988; x_wconf 87' lang='lat' dir='ltr'><strong>olim</strong></span> <span class='ocrx_word' id='word_1_210' title='bbox 841 2926 934 2991; x_wconf 88' lang='lat' dir='ltr'><strong>critici</strong></span> <span class='ocrx_word' id='word_1_211' title='bbox 957 2928 1078 2993; x_wconf 86' lang='lat' dir='ltr'><strong>eandem</strong></span> 
     </span>
     <span class='ocr_line' id='line_1_28' title="bbox 120 3009 673 3085; baseline -0.002 -1"><span class='ocrx_word' id='word_1_212' title='bbox 120 3009 261 3085; x_wconf 80' lang='lat' dir='ltr'><strong>medelam</strong></span> <span class='ocrx_word' id='word_1_213' title='bbox 280 3019 487 3084; x_wconf 79' lang='lat' dir='ltr'><strong>¹adhibuerunt.</strong></span> <span class='ocrx_word' id='word_1_214' title='bbox 670 3028 673 3033; x_wconf 84' lang='grc'><strong>“</strong></span> 
     </span>
    </p>

    <p class='ocr_par' dir='ltr' id='par_1_6' title="bbox 116 3115 1079 3602">
     <span class='ocr_line' id='line_1_29' title="bbox 182 3115 1079 3202; baseline 0.01 -21"><span class='ocrx_word' id='word_1_215' title='bbox 182 3118 219 3182; x_wconf 93' lang='lat' dir='ltr'>V</span> <span class='ocrx_word' id='word_1_216' title='bbox 241 3117 315 3182; x_wconf 87' lang='grc'><strong>266</strong></span> <span class='ocrx_word' id='word_1_217' title='bbox 360 3115 489 3182; x_wconf 79' lang='grc' dir='ltr'><em>ἕιιῶν-</em></span> <span class='ocrx_word' id='word_1_218' title='bbox 493 3115 797 3202; x_wconf 77' lang='grc' dir='ltr'><em>ἀρνήσομαι,</em></span> <span class='ocrx_word' id='word_1_219' title='bbox 802 3122 869 3197; x_wconf 84' lang='grc' dir='ltr'>Η,Ιο</span> <span class='ocrx_word' id='word_1_220' title='bbox 896 3123 967 3187; x_wconf 88' lang='lat' dir='ltr'><strong>mihi</strong></span> <span class='ocrx_word' id='word_1_221' title='bbox 990 3125 1079 3190; x_wconf 87' lang='lat' dir='ltr'><strong>velim</strong></span> 
     </span>
     <span class='ocr_line' id='line_1_30' title="bbox 116 3216 1079 3306; baseline 0.003 -23"><span class='ocrx_word' id='word_1_222' title='bbox 116 3216 225 3302; x_wconf 85' lang='lat' dir='ltr'><strong>aliquis</strong></span> <span class='ocrx_word' id='word_1_223' title='bbox 246 3219 388 3296; x_wconf 82' lang='lat' dir='ltr'><strong>attendat,</strong></span> <span class='ocrx_word' id='word_1_224' title='bbox 410 3238 496 3303; x_wconf 86' lang='lat' dir='ltr'><strong>quam</strong></span> <span class='ocrx_word' id='word_1_225' title='bbox 519 3239 665 3302; x_wconf 86' lang='lat' dir='ltr'><strong>generoso</strong></span> <span class='ocrx_word' id='word_1_226' title='bbox 687 3220 791 3305; x_wconf 89' lang='lat' dir='ltr'><strong>spiritu</strong></span> <span class='ocrx_word' id='word_1_227' title='bbox 814 3222 926 3306; x_wconf 90' lang='lat' dir='ltr'><strong>culpam</strong></span> <span class='ocrx_word' id='word_1_228' title='bbox 948 3243 1010 3286; x_wconf 91' lang='lat' dir='ltr'><strong>nou</strong></span> <span class='ocrx_word' id='word_1_229' title='bbox 1031 3245 1079 3287; x_wconf 92' lang='lat' dir='ltr'><strong>so·</strong></span> 
     </span>
     <span class='ocr_line' id='line_1_31' title="bbox 119 3316 1079 3404; baseline 0.003 -23"><span class='ocrx_word' id='word_1_230' title='bbox 119 3317 179 3382; x_wconf 81' lang='lat' dir='ltr'><strong>lanu</strong></span> <span class='ocrx_word' id='word_1_231' title='bbox 206 3317 397 3390; x_wconf 78' lang='lat' dir='ltr'><strong>confitentur,</strong></span> <span class='ocrx_word' id='word_1_232' title='bbox 425 3317 477 3380; x_wconf 89' lang='lat' dir='ltr'><strong>sed</strong></span> <span class='ocrx_word' id='word_1_233' title='bbox 503 3316 591 3380; x_wconf 89' lang='lat' dir='ltr'><strong>etiam</strong></span> <span class='ocrx_word' id='word_1_234' title='bbox 619 3330 736 3404; x_wconf 82' lang='lat' dir='ltr'><strong>augeat.</strong></span> <span class='ocrx_word' id='word_1_235' title='bbox 794 3319 940 3384; x_wconf 88' lang='lat' dir='ltr'><strong>Nimirum</strong></span> <span class='ocrx_word' id='word_1_236' title='bbox 969 3322 1079 3385; x_wconf 88' lang='lat' dir='ltr'><strong>chorus</strong></span> 
     </span>
     <span class='ocr_line' id='line_1_32' title="bbox 119 3396 1079 3502; baseline 0.007 -24"><span class='ocrx_word' id='word_1_237' title='bbox 119 3396 231 3480; x_wconf 79' lang='lat' dir='ltr'><strong>tauiuur</strong></span> <span class='ocrx_word' id='word_1_238' title='bbox 252 3415 408 3500; x_wconf 87' lang='lat' dir='ltr'><strong>deliquisse</strong></span> <span class='ocrx_word' id='word_1_239' title='bbox 429 3435 496 3478; x_wconf 90' lang='lat' dir='ltr'><strong>cum</strong></span> <span class='ocrx_word' id='word_1_240' title='bbox 518 3431 673 3482; x_wconf 85' lang='lat' dir='ltr'><strong>monuerat</strong></span> <span class='ocrx_word' id='word_1_241' title='bbox 695 3421 740 3502; x_wconf 91' lang='lat' dir='ltr'><strong>(v.</strong></span> <span class='ocrx_word' id='word_1_242' title='bbox 743 3421 872 3500; x_wconf 85' lang='grc'><strong>2.60&gt;,</strong></span> <span class='ocrx_word' id='word_1_243' title='bbox 903 3421 1079 3485; x_wconf 85' lang='lat' dir='ltr'><strong>consultone</strong></span> 
     </span>
     <span class='ocr_line' id='line_1_33' title="bbox 118 3513 1077 3625; baseline 0.006 -48"><span class='ocrx_word' id='word_1_244' title='bbox 118 3513 155 3579; x_wconf 91' lang='lat' dir='ltr'><strong>id</strong></span> <span class='ocrx_word' id='word_1_245' title='bbox 174 3514 277 3580; x_wconf 86' lang='lat' dir='ltr'><strong>lecerit</strong></span> <span class='ocrx_word' id='word_1_246' title='bbox 299 3536 337 3579; x_wconf 85' lang='lat' dir='ltr'><strong>on</strong></span> <span class='ocrx_word' id='word_1_247' title='bbox 357 3514 614 3599; x_wconf 88' lang='lat' dir='ltr'><strong>imprudenter,</strong></span> <span class='ocrx_word' id='word_1_248' title='bbox 606 3539 636 3580; x_wconf 92' lang='lat' dir='ltr'><strong>m</strong></span> <span class='ocrx_word' id='word_1_249' title='bbox 661 3518 757 3586; x_wconf 86' lang='lat' dir='ltr'><strong>dubio</strong></span> <span class='ocrx_word' id='word_1_250' title='bbox 767 3518 989 3625; x_wconf 84' lang='lat' dir='ltr'><strong>relinquebat3</strong></span> <span class='ocrx_word' id='word_1_251' title='bbox 1006 3519 1077 3583; x_wconf 90' lang='lat' dir='ltr'><strong>Pro·</strong></span> 
     </span>
    </p>
   </div>
   <div class='ocr_carea' id='block_1_5' title="bbox 0 0 1222 4116">
    <p class='ocr_par' dir='ltr' id='par_1_7' title="bbox 0 0 1222 4116">
     <span class='ocr_line' id='line_1_34' title="bbox 0 0 1222 4116; baseline 0 0"><span class='ocrx_word' id='word_1_252' title='bbox 0 0 1222 4116; x_wconf 95' lang='lat' dir='ltr'><strong> </strong></span> 
     </span>
    </p>
   </div>
  </div>
 </body>
</html>
