2436 4116
207 339 251 400 ur
272 337 477 403 tuseurtt
500 339 712 403 euomeru.
739 341 876 406 vrncr.
915 321 917 328 ’
950 349 1019 411 217

55 505 107 568 acl
125 509 215 568 ποῖον
236 501 331 589 pulpos
349 501 474 590 γαμήσει
494 501 512 570 ό
536 501 624 584 Zeia,
647 501 685 571 oti
699 503 755 591 peip
769 507 872 592 arolam
885 511 1022 595 macae·

56 608 152 668 cotim.
186 601 284 670 Schol.
305 603 343 669 Α.
489 608 492 612 ⁴

120 700 157 767 V·
176 702 250 774 770.
290 701 478 787 φέρτερον.
514 701 693 788 comparant
710 702 793 768 Piul.
815 703 917 770 lsthm.
937 709 1020 788 Vlll,

56 799 110 866 67.
134 799 322 886 πεπρωμένον
341 793 382 883 ἦν
400 802 540 886 φέρτερον
556 799 646 886 γόνον
664 798 775 866 ἄνακτα
792 803 902 890 πατρὸς
921 816 1022 874 τεκεῖν.

58 899 261 985 φέρτερον,
283 898 464 985 ἰσχυρότερον
488 900 587 965 Schol.
613 900 647 963 B.

120 998 157 1065 V.
182 1000 256 1064 771.
300 996 536 1083 ἀποστροφὴ,
556 995 696 1082 ἀποφυγὴ
719 997 817 1065 Sehol.
842 1001 875 1065 B.

123 1096 160 1164 V.
182 1098 258 1162 772.
300 1095 399 1179 πλὴν
419 1120 474 1182 ego
495 1120 562 1163 oum
582 1098 725 1182 Elmslejo
745 1100 860 1185 recepi,
890 1100 939 1184 qui
960 1122 1023 1166 mo-

57 1193 143 1273 nuit,
166 1195 240 1259 nihil
260 1195 340 1259 iuter
359 1196 429 1280 πρὶν
453 1198 544 1282 (quod
565 1196 655 1281 vulgo
676 1197 798 1281 legitur)
821 1209 850 1262 et
872 1195 908 1262 civ
929 1198 1023 1264 inter·
1149 1230 1164 1254 α

57 1293 129 1379 ροιιί
149 1294 274 1370 dehere,
305 1294 362 1360 nisi
384 1296 567 1380 particulam.
617 1296 721 1370 λυθεὶς
749 1297 930 1382 participium
952 1299 1024 1363 reti·

59 1393 125 1470 noi,
149 1405 182 1458 nt
203 1394 382 1479 exquisitius
404 1406 434 1461 ct
451 1394 506 1459 vix
526 1415 544 1457 a
566 1393 692 1459 librariis
715 1416 767 1479 pro
786 1402 870 1462 λυθῶ
887 1398 1023 1483 positum.

59 1491 162 1557 Oratio
184 1514 244 1557 non
267 1503 314 1558 cst
335 1495 474 1578 abrupte,
498 1495 549 1558 sel
571 1495 761 1579 supplendum
782 1496 853 1576 εἰμὶ,
877 1509 909 1563 ut
932 1498 1021 1584 Soph.

59 1589 131 1655 Oed·
163 1591 237 1678 Tyr.
269 1614 299 1657 ν.
322 1593 414 1657 1526.
447 1589 526 1666 ὅστις
546 1588 583 1655 ori
609 1591 684 1680 ζήλῳ
704 1599 829 1658 πολιτῶν
849 1596 901 1659 atel
925 1593 1025 1677 τύχαις

58 1689 229 1772 ἐπιβλέπων.
261 1689 297 1755 V.
322 1690 425 1755 llerm.
449 1692 486 1756 atl
507 1692 607 1776 Viger.
631 1713 659 1776 p.
680 1693 754 1759 770.

120 1788 160 1855 V·
179 1786 253 1854 774.
299 1795 371 1853 τῶν
391 1796 471 1855 σῶν.
514 1790 710 1875 „Stanlcjusz
734 1790 841 1867 „„l)e
857 1787 1025 1857 Promethei

60 1885 210 1953 solutione
236 1886 344 1972 duplex
371 1901 506 1954 veterum
533 1890 692 1954 sententia.
742 1890 818 1955 Sunt
839 1889 889 1973 qui
909 1911 927 1954 a
948 1889 1024 1955 Jove

60 1987 348 2063 columnellam,
377 1998 530 2083 postquam
552 2009 619 2051 oum
641 2008 676 2051 eo
697 1987 891 2051 Prometheus
912 1990 948 2052 oh
970 2009 1025 2053 ex·

61 2085 200 2170 plicatam
226 2084 383 2151 Themilos
411 2089 447 2151 de
481 2086 603 2150 Thetide
631 2086 811 2171 prophetiam
837 2084 869 2148 iu
898 2086 1024 2169 gretiam

60 2182 196 2248 redierit.
239 2180 297 2247 tllii
315 2184 471 2251 Herculem
493 2205 560 2248 enm
580 2206 598 2248 a
618 2184 746 2248 vinculis
764 2182 913 2247 exemisse
928 2181 1024 2246 invito

59 2281 135 2349 Jove
158 2282 286 2346 malunt
323 2283 418 2348 Priori
438 2283 604 2349 sententiae
621 2282 775 2366 aliquoties
790 2283 891 2346 lavere
907 2279 1026 2344 videtur

58 2381 245 2468 Aeschylus,
273 2391 307 2445 ut
334 2377 365 2447 r.
393 2384 466 2447 522.
516 2382 571 2446 llic
592 2403 665 2447 vero
688 2381 880 2467 posteriorem
903 2389 1024 2443 senten·

58 2464 131 2546 tiam
158 2500 193 2544 se
221 2479 342 2544 omniuo
369 2482 536 2565 amplexum
568 2481 772 2547 ostendit.““
823 2477 946 2562 StanleJi
969 2477 1024 2544 hae

57 2577 269 2645 observatione
290 2578 413 2662 nequis
434 2581 572 2646 inductus
591 2579 770 2665 Aeschylum
792 2575 952 2661 pugnantia
974 2597 1024 2641 se·

56 2699 127 2744 enm
143 2677 346 2762 composuisse
359 2679 552 2758 criminetur,
575 2681 734 2754 notandum
749 2688 805 2751 est,
822 2697 889 2740 eum
906 2674 1024 2740 tertiam

55 2777 205 2863 quandam
234 2775 350 2839 liberati
376 2777 542 2843 Promethei
574 2799 711 2842 caussam
740 2776 842 2860 sequi,
875 2794 915 2838 ex
943 2784 1024 2838 utra·

57 2896 117 2960 que
139 2875 170 2940 in
192 2896 281 2939 unam
295 2875 461 2940 conflatam.
498 2879 596 2962 Pingit
613 2897 717 2959 nempe
732 2874 888 2939 herculem
905 2871 1023 2955 quidem
1097 2952 1101 2956 Ι
1171 2856 1202 2933 s

58 2973 227 3039 Pronethei
254 2973 439 3038 liberatorem
465 2977 639 3051 exstitisse,
669 2975 793 3038 eundem
823 2983 921 3034 tamen
945 2968 1023 3045 Jori,

60 3083 96 3138 nt
120 3071 297 3138 Prometheo
326 3073 511 3155 ignosceret,
544 3076 668 3160 ejusque
699 3069 901 3135 liberationem
926 3077 1023 3132 ratam
1056 3100 1058 3105 v

60 3170 198 3247 haberet,
228 3172 283 3234 hac
304 3170 369 3254 lege
391 3173 591 3256 persuasisse,
624 3181 658 3235 ut
678 3166 870 3233 Prometheus
890 3164 1025 3229 vicissim
1091 3192 1094 3197 ¹

61 3270 88 3335 ei
109 3270 291 3356 periculum,
321 3271 397 3352 quod
419 3292 436 3335 a
457 3271 596 3334 Thetidos
617 3268 725 3354 nuptiis
747 3265 906 3330 timendum
930 3272 1023 3337 essct,

62 3369 231 3455 aperiret.“
263 3367 409 3432 Seuuerz.
454 3370 540 3434 Conf.
569 3390 643 3452 quae
664 3362 857 3431 disseruimus
877 3361 910 3423 iu
930 3362 1020 3445 praei.

62 3467 98 3531 etl
113 3466 216 3532 Germ.
239 3465 302 3551 tmj.
320 3476 397 3552 trag.
418 3467 657 3543 couversionem,
677 3487 705 3550 p.
725 3461 837 3528 xxvt.
859 3479 923 3541 sqq.
949 3459 1023 3523 Cae·

63 3574 166 3643 teram.
180 3561 247 3631 amic
271 3562 434 3650 ἐκγόνων
454 3567 589 3652 ambigue
611 3564 798 3638 dictumest,
821 3580 908 3646 quum
920 3560 1024 3643 filius,
