2436 4116
268 300 313 359 ru
335 288 549 389 suscitant
566 298 775 364 euomuerit.
801 292 939 366 vinca.
1009 304 1082 369 tou

118 460 217 538 eitur,‹
246 482 335 547 quum
365 486 447 531 mare
468 484 607 530 coercere
628 475 776 545 tentaret,
805 465 856 532 aaut
874 463 968 551 πόρον
987 468 1083 553 μιαρὲ

118 558 252 643 ρι’»θριιζα
295 562 394 628 scoot.
419 565 451 628 Β.
476 565 513 628 ad
534 575 669 629 nostrum
691 566 712 628 l.
736 565 967 651 interpretatur:
991 565 1085 643 οὕτως

115 656 138 742 ἢ
157 661 291 725 ἐνταῦθα
311 658 445 744 sumptim.

180 758 217 822 V.
239 761 312 824 246.
357 758 523 836 ἐλεεινὸς
551 761 671 847 Epioam
702 762 826 824 formam
855 761 989 827 correxit
1010 762 1084 826 Por·

117 878 223 923 sonus.
277 858 402 923 Librorii
431 861 529 937 enim,
560 882 649 946 quum
670 860 831 923 Homerum
856 859 973 944 sa'epius
995 861 1084 946 tegis·

117 967 197 1032 sent,
221 956 310 1041 hujus
333 960 444 1022 formas
466 958 496 1023 in
519 959 594 1025 alios
616 976 721 1023 omnes
742 966 880 1022 auctores
901 958 1014 1023 inferre
1034 978 1084 1024 so·

117 1055 229 1121 lebant.

180 1153 219 1219 V·
241 1150 315 1218 247.
360 1153 474 1220 Sensus
496 1165 559 1220 est:
587 1175 664 1217 nam
683 1156 761 1238 puisi
779 1154 934 1218 assuetos
954 1158 988 1218 tn
1007 1155 1084 1220 Jove

116 1253 304 1339 offendendo
322 1273 508 1341 progressas
519 1256 655 1335 seoa'sti?
696 1254 786 1318 Reate
802 1251 876 1317 vidit
892 1252 1083 1331 Schuetzius,

117 1363 205 1417 osute
227 1372 262 1417 ac
277 1351 427 1416 moderate
443 1353 523 1436 loqui
540 1351 689 1429 Chorum3
714 1372 774 1415 non
793 1370 860 1415 eum
878 1350 976 1417 tieem
991 1348 1083 1436 ἥμαρ-

117 1474 178 1529 τες,
201 1451 254 1515 sed
274 1445 408 1532 πραῧβης
425 1453 517 1514 τῶνδε
537 1452 592 1515 sot
607 1450 776 1535 περαιτέρω,
798 1471 837 1515 ne
855 1449 923 1516 Jovi
943 1450 1084 1516 assentiri

117 1551 255 1616 videatur
287 1549 512 1632 Prometheitpue
545 1550 675 1615 animum
710 1550 848 1614 offendat.
910 1550 1083 1633 περαιτέρω·

116 1652 207 1715 πλείω
229 1648 403 1729 ἔμπροσθεν.
427 1648 555 1735 Hesyoh.

181 1748 216 1814 V.
236 1748 311 1816 248.
355 1748 496 1811 tacuero
515 1745 571 1830 μὴ.
614 1748 659 1812 De
676 1745 772 1811 addita
790 1747 948 1831 negatione
961 1745 1003 1830 po}
1019 1748 1080 1814 vid.

118 1866 194 1933 quse
223 1866 312 1930 supra
341 1846 372 1910 'v.
398 1847 473 1911 235.
503 1847 643 1910 diximus.
698 1847 855 1911 Caeterum
881 1870 914 1931 po
941 1846 1084 1931 particula

117 1968 208 2032 quum
236 1966 323 2029 saepe
347 1944 379 2007 in
405 1945 599 2030 responsione
624 1956 802 2027 usurpetur,
833 1945 904 2008 mihi
933 1946 988 2009 h'oo
1017 1947 1083 2011 iooo

119 2068 180 2111 non
201 2045 299 2130 inepta
321 2044 457 2120 videtur,
488 2065 576 2126 quum
600 2042 763 2127 significet,
787 2041 994 2106 Prometheum
1012 2064 1085 2107 oon·

117 2147 247 2220 oedoeo,
281 2163 315 2206 se
342 2163 410 2206 esse
432 2143 508 2206 ultra
532 2141 605 2205 haee
626 2159 837 2224 progressum,
866 2149 898 2202 et
918 2139 1084 2207 hominibus

118 2243 236 2329 quidem
252 2241 309 2305 alia
326 2261 441 2324 quoque
459 2240 584 2305 dedisse.
626 2237 762 2302 Affirmat
780 2235 880 2320 igitur,
898 2246 931 2300 ut
949 2249 1085 2303 nostrum

118 2342 175 2410 Ja.
223 2349 263 2406 Τε
284 2340 359 2424 quod
384 2339 473 2422 volgo
495 2336 615 2422 legitor,
637 2337 795 2399 absurdum
812 2343 869 2398 est.
915 2335 1003 2401 Nulla
1022 2338 1086 2423 qui·

120 2445 184 2508 dem
207 2440 301 2524 posita
323 2439 423 2523 copula
447 2436 616 2520 responderi
639 2434 752 2520 potuit,
782 2435 833 2497 sed
854 2454 942 2516 mam
961 2437 999 2499 ob
1020 2456 1086 2501 rem

118 2567 152 2629 pe
171 2539 392 2624 improbandum
415 2536 472 2612 sit,
495 2557 555 2598 nou
578 2535 674 2598 video.
720 2533 808 2597 Goni.
832 2554 864 2596 v.
883 2533 956 2596 254.

182 2639 219 2701 V.
237 2639 310 2703 249.
344 2633 383 2700 τὸ
400 2642 519 2711 ποῖον,
541 2657 571 2698 v.
591 2633 695 2699 Mettis.
715 2634 769 2698 Gr.
789 2633 843 2697 Gr.
861 2652 902 2694 m·
921 2630 1085 2714 §.2654

120 2778 124 2785 ·
182 2737 219 2800 V.
243 2739 316 2800 252.
359 2733 424 2799 Jatn
447 2745 695 2798 commemoratur
715 2732 759 2810 it,
782 2732 859 2817 quoti
880 2728 1011 2795 maxime
1033 2750 1086 2793 va·

118 2837 193 2911 tuit,
215 2846 249 2898 ut
268 2833 382 2918 Jupiter
402 2832 582 2898 irasceretur
602 2832 789 2897 Prometheo.

184 2934 219 2998 V.
240 2935 313 2998 256.
356 2933 562 3010 αἰκίζεται,
588 2928 701 3007 κολάζει
724 2929 822 2992 Sehol.
845 2927 879 2990 Β.
902 2932 1008 3014 χαλᾷ,
1036 2950 1086 3008 χα-

116 3039 174 3098 λᾶν
197 3027 263 3092 τινά
283 3055 371 3109 τινος,
393 3032 518 3115 aliquem
541 3032 638 3115 aliqua
656 3050 690 3093 re
707 3028 821 3093 laxare.
865 3026 980 3089 Sensum
996 3025 1088 3108 igitur

117 3139 187 3197 osta
215 3129 362 3209 nulloque
376 3142 473 3212 paeto
494 3142 528 3194 te
549 3152 589 3193 os
609 3132 658 3193 Itis
679 3130 811 3192 miseriis
829 3124 951 3188 solvet!

185 3226 221 3290 V.
244 3227 316 3289 259.
362 3227 466 3302 δόξει
486 3229 523 3292 δὲ
544 3235 635 3307 πῶς,
658 3248 716 3312 quo
737 3236 836 3291 autem
857 3222 943 3285 modo
962 3217 1005 3282 itti
1025 3217 1087 3302 pla·

119 3327 216 3401 sebit,
245 3325 276 3387 h.
306 3346 334 3388 e.
366 3330 517 3409 quomodo
541 3338 638 3409 potos
659 3328 766 3391 Jooem
786 3345 823 3387 eo
846 3322 1019 3385 adductum
1038 3319 1089 3396 os,

118 3440 157 3495 ut
174 3432 270 3500 tinem
292 3428 355 3488 tuo
377 3427 533 3489 laboribus
552 3428 717 3507 imponat?
749 3423 835 3504 Quid
853 3419 987 3503 φανααέ

184 3526 222 3589 V.
246 3524 318 3589 263.
372 3522 748 3606 ὅστις-,επόδαέχεα
800 3509 987 3602 Αἴρειαὲξω
1010 3509 1090 3578 πόδα

159 3626 312 3680 'amentur
333 3639 531 3680 raousssuus
551 3638 647 3679 visor.
682 3666 688 3673 .
840 3601 882 3667 10
