2436 4116
200 341 243 400 tu·
268 339 471 402 Ausctttttt
494 340 704 403 PROMETH.
729 339 862 403 VINCT.
940 345 1010 406 219

50 506 104 586 ἔπη
126 501 307 586 δελτοόμενα.
353 504 441 589 Suph.
464 506 585 570 Phitoot.
607 529 638 571 v.
661 505 754 570 1318.
775 505 825 570 καὶ
844 504 926 570 ταῦτ’
951 509 1012 572 iaci

51 623 122 681 οτοι,
148 603 198 668 καὶ
225 601 342 688 γρόφοο
367 612 484 688 φρενῶν
504 607 568 669 ἔσω.
611 604 782 689 Triptoleru.
808 607 913 689 fragm.
937 607 1010 673 535.

54 702 112 781 (eti.
131 701 233 780 Diod.)
259 703 316 779 Θὲς
336 701 365 767 δ’
389 706 422 767 ἐν
438 701 546 787 φρενός
565 704 688 767 δέλτοιοι
706 700 775 778 τοὺς
793 700 880 784 ἐμοὺς
898 703 1011 788 λόγους.

52 799 263 884 Trianguiaros
283 814 370 867 eraut
390 803 531 879 tabellae,
556 804 661 886 quibus
683 811 801 865 veteres
825 804 859 865 ad
881 805 1014 869 scribon·

53 899 118 962 dum
140 902 311 977 utebantur,
334 913 364 965 et
385 902 450 965 libri
472 923 511 966 ox
534 901 658 984 singuiis
681 899 793 963 tabellis
813 903 946 984 congesti
962 925 1013 988 ap·

54 998 236 1081 pellabantur
263 1000 372 1076 δέλτοι,
403 999 470 1083 quia
491 1001 584 1063 forma
607 998 710 1062 litorao
731 1003 760 1059 A
783 998 893 1062 similes
915 1012 1011 1067 eraut.

54 1094 135 1161 Unda
163 1098 345 1162 animumet
372 1099 540 1161 memoriam
563 1107 734 1181 comparant
755 1118 820 1160 cum
844 1099 939 1162 tabula
963 1112 1015 1164 aut

54 1195 147 1274 libro,
170 1198 217 1261 oui
238 1182 346 1280 aliquiti
368 1197 583 1260 inscribendum
607 1207 673 1272 ost,
697 1217 734 1259 ne
756 1196 895 1258 oblivioni
919 1200 1012 1262 tratia-

55 1305 110 1361 tur.
155 1296 248 1359 δέλτοι
274 1297 412 1360 dicuutur
441 1293 647 1377 μνήμονες,
678 1294 699 1356 i.
732 1315 760 1358 e.
792 1297 1017 1375 μνημονευτικα1

56 1392 153 1459 sotot.
174 1395 209 1458 B.

115 1491 153 1557 V·
175 1493 248 1557 792.
293 1495 447 1575 ῥεῖθρον
466 1489 629 1573 ἠπείρων
647 1487 736 1572 όρον
757 1486 888 1574 intelligo
905 1492 1016 1576 Bospo-

55 1606 118 1653 ttttn
142 1588 348 1654 cimmericum
358 1637 369 1666 ,
389 1612 420 1654 v.
438 1591 510 1654 731.
532 1609 596 1672 sqq.
619 1594 672 1669 τῆς
685 1584 786 1662 Ἀσίας
801 1588 852 1651 καὶ
869 1588 1018 1674 Εὐροόπης

57 1685 186 1772 ὁρισμόν.
219 1689 318 1753 Sotot.
344 1690 377 1752 Β.

115 1787 153 1854 V·
177 1789 251 1854 793.
292 1785 537 1869 ἡλιοστιβεῖς,
566 1782 661 1870 ἤγουν
687 1782 762 1869 πρὸς
781 1782 836 1867 τὴν
862 1783 1017 1869 ἀνατολὴν,

57 1885 130 1951 boo
158 1889 269 1969 βαδίζει
297 1883 314 1951 ὁ
340 1887 431 1968 ἥλιος.
462 1884 561 1947 Sohoi.
592 1885 628 1948 A.
675 1885 863 1948 Contrarium
892 1886 1018 1970 legimus

57 1983 85 2049 itt
107 1985 189 2070 Sept.
209 1985 301 2049 Theb.
325 2006 357 2050 v.
377 1984 450 2049 841.
474 1981 528 2046 τόν
548 1980 652 2063 ἀστιβῆ
670 1979 847 2059 Ἀπόλλωνι,
874 1983 927 2047 τόν
949 1982 1020 2048 ιἰνό-

57 2089 127 2150 toa.
147 2118 190 2133 -
212 2083 301 2168 Sequi
337 2068 611 2147 debebat⁴verbum
645 2080 760 2144 finitum
788 2084 871 2161 βαῖνε
899 2102 926 2144 s.
960 2083 1021 2148 talo

59 2182 144 2267 quid,
167 2185 219 2247 sod
240 2182 417 2247 exciderunt
439 2183 536 2265 piures
557 2179 710 2245 versiculi.

69 2317 73 2324 ·
114 2280 153 2347 V·
168 2283 240 2345 795.
261 2303 326 2365 sqq.
357 2278 570 2361 Κισθήνης.
604 2281 734 2358 Κισθίνη
750 2273 1019 2356 πόλιςΑόθιοπόοις,

59 2381 123 2465 περὶ
142 2379 177 2444 δὲ
197 2377 290 2461 αὐτὴν
312 2381 366 2443 εἰσὶ
386 2377 422 2442 τὰ
443 2376 602 2462 Γοργόνειον
621 2379 717 2454 πεδία,
737 2377 769 2438 ἐν
790 2370 836 2449 οἷς
852 2382 1022 2440 κατοικοῦσι

59 2477 149 2557 Asuui,
172 2476 358 2560 Πεμφρηδώ,
379 2478 430 2541 καὶ
448 2474 556 2553 Ἐνυὼ,
579 2477 612 2538 αἱ
630 2481 682 2538 τοῦ
705 2471 858 2557 Φόρκυνος
878 2482 931 2537 τοῦ
951 2472 1023 2539 όιοῦ

60 2584 109 2642 roii
131 2579 321 2651 Ποσειδῶνος
348 2577 398 2639 καὶ
421 2580 497 2658 Γῆς,
527 2573 561 2650 ὃς
588 2573 681 2657 μιγεὶς
708 2579 762 2634 τοῦ
783 2571 888 2635 ἑαυτοῦ
908 2571 1023 2662 ἀδελφῇ

61 2680 157 2759 Kaunoi
181 2673 288 2750 τοιότας
314 2673 448 2752 ἀπέοικε,
474 2671 627 2760 κατῴκουν
653 2671 685 2735 δὲ
705 2668 764 2734 timui
786 2678 858 2756 γῆν,
885 2673 937 2735 καὶ
955 2669 1024 2738 οὔτε

61 2771 130 2865 ἡλίῳ
150 2773 218 2839 οὔτε
239 2770 344 2859 σελήνῃ
366 2765 443 2854 ἦσαν
463 2771 583 2846 θεαταὶ,
602 2767 803 2852 κυκνόμορφοι
824 2769 856 2832 δὲ
874 2762 952 2851 ἦσαν
974 2771 1026 2837 διὰ

62 2869 113 2955 τὴν
136 2871 302 2953 λευκότητα.
332 2871 430 2935 Schol.
455 2870 488 2933 B.
534 2871 629 2932 Erant
658 2878 756 2930 autom
778 2868 937 2932 Phorcidos
966 2868 1025 2952 δή.

62 2972 168 3035 νοιιιὶ
192 2968 315 3054 κόραι,
345 2971 365 3034 i.
390 2992 417 3034 e.
451 2970 611 3032 seeundum
634 2968 841 3052 Apollodorum
871 2975 971 3049 γραῖαι
991 2969 1026 3032 ἐκ

62 3077 190 3153 γενετῆς,
218 3091 235 3134 a
261 3069 413 3133 nativitate
442 3069 579 3143 vetulae,
612 3079 642 3130 et
661 3088 721 3130 uno
749 3077 810 3130 tres
833 3066 935 3140 oculo,
965 3085 1026 3129 ooo

63 3169 148 3233 iente
168 3179 231 3233 tros
252 3170 417 3253 praeditae,
447 3168 550 3250 quibos
573 3164 730 3250 pervices
758 3164 927 3227 utebantur.
972 3163 1027 3227 So·

64 3269 190 3332 mutium
213 3268 371 3331 Hesiodum
394 3269 468 3330 duae
488 3277 601 3328 tantum
624 3267 761 3335 fuerunt,
795 3260 973 3343 Pemphrodo
995 3273 1026 3325 et

66 3364 162 3452 Enyo.
208 3367 361 3429 Vocantur
388 3361 605 3446 κυκνόμορφοι,
636 3366 863 3446 ογςαίγοτιηοος
893 3361 969 3441 quod
990 3361 1026 3424 do

67 3469 179 3528 omitto
200 3463 368 3548 intelligunt
387 3464 536 3547 Stanlejus
555 3473 584 3526 ot
600 3461 787 3526 Schuetzius.
828 3458 1027 3541 ἐκτημέναι

66 3558 88 3624 io
108 3582 138 3626 θ·
159 3563 285 3642 homi.
