2436 4116
213 321 258 383 m
279 318 483 383 nnscnrnr
504 294 713 386 rnomnrri.
739 326 875 411 vpmcr,
967 267 1035 397 nor

87 488 214 555 maritet
230 488 379 553 bibuntur.
410 486 512 552 Simile
526 497 572 552 est
584 492 764 574 καλλίρροον.
793 492 870 559 loom
884 515 915 561 ν.
932 496 1033 563 814.“

87 592 225 657 imum.
267 587 368 653 schol·
393 587 431 651 Α.
460 583 535 670 πρὸς
560 584 612 653 τὸν
631 591 704 672 ῥοῦν
723 598 776 673 τῆς
799 594 944 678 Κέγχρης,
971 596 1036 680 ἥτις

88 686 169 774 privo]
199 687 276 755 ἐστὶν
294 683 439 770 Ἄργους,
470 686 520 751 aot
544 684 620 770 πρὸς
644 684 697 770 τὴν
717 691 833 775 Λέρνην
854 692 907 776 τὴν
926 696 1034 781 πηγήν.

88 791 171 876 injus
194 787 370 852 sententiam
390 788 425 851 de
447 787 528 850 sonte
549 786 661 871 Argivo
682 792 822 857 refutavit
842 793 944 859 Pauw.

109 930 121 955 .·
138 889 177 953 V.
201 886 275 953 680.
319 886 463 968 Λέρνης
489 881 606 968 ἅκρην
632 910 676 951 κε.
721 891 842 955 Canteri
865 896 1035 978 conjectura

88 989 194 1072 Δέρνης
209 1011 239 1051 τε
254 982 375 1070 κρήνην,
398 1006 482 1070 quam
501 986 685 1052 Blomfieldns
703 991 822 1075 recepit.
847 994 941 1056 oratio
959 998 1036 1061 faeta

88 1099 123 1155 nt
143 1087 238 1171 magis
259 1085 420 1159 eoneinna,
450 1106 545 1168 neque
566 1089 729 1170 negandum
752 1103 815 1166 est,
839 1113 902 1156 eam
924 1094 1036 1158 firmnri

88 1209 130 1252 ier
150 1186 249 1250 Senot.
269 1186 305 1249 A.
328 1182 421 1268 κάρην
439 1209 469 1248 τε
485 1186 563 1269 conj.
585 1187 691 1272 Scalig.
714 1212 761 1274 ap.
786 1191 887 1255 Valrk.
911 1195 949 1257 fr.
969 1195 1037 1258 Cal-

88 1288 148 1369 im„
171 1287 256 1370 Eleg.
286 1305 314 1368 p.
337 1285 407 1349 130.
429 1285 476 1348 ot.
497 1285 578 1368 Lips.
602 1282 695 1371 ἆδρήν
720 1314 750 1353 τε
773 1310 815 1353 se.
838 1298 895 1375 γῆν
915 1292 1035 1370 Pnuw·,

88 1408 154 1472 pnae
181 1386 369 1470 conjecturae
395 1405 483 1469 snpra
510 1390 781 1454 commemorandae
802 1401 905 1468 erant3
935 1414 1039 1477 qnam*

88 1509 166 1572 pnnm
187 1485 303 1570 ineptae
324 1495 405 1549 sunt.
448 1483 530 1547 Libri
550 1484 655 1550 habent
677 1484 782 1572 ἄκρην,
809 1487 916 1574 ἄκραν,
937 1489 1029 1575 ἄκρον

88 1585 203 1649 Videtur
231 1583 352 1648 omnino
379 1583 532 1666 legendum
555 1606 622 1649 esse
644 1607 702 1650 una
724 1600 834 1653 mutata
854 1591 940 1654 litera
961 1593 1036 1675 Λὲρ.

89 1706 138 1766 νης
164 1679 273 1768 ἆγρόν
302 1706 353 1760 κε,
382 1693 415 1746 ut
443 1704 531 1767 supra
558 1706 586 1746 v.
605 1687 678 1750 665.
708 1683 782 1768 πρὸς
800 1688 917 1772 Λέρνης
936 1690 1037 1772 βαθὺν

89 1790 220 1864 ιιμῶνα,
247 1784 372 1864 ποίμνας
399 1780 569 1864 βουστάσεις
592 1809 622 1848 τε
646 1782 720 1869 πρὸς
739 1785 849 1871 πατρὸς
868 1793 1036 1857 accuratius

89 1883 225 1967 lesoripta
246 1892 292 1947 nst
312 1883 384 1947 haer
405 1883 498 1967 regio.
541 1886 580 1948 Et
600 1906 673 1950 vero
695 1887 727 1949 in
747 1887 844 1952 Lerna
862 1890 973 1974 Argiva
992 1893 1037 1955 ni-

90 1985 122 2048 ril
144 1984 255 2060 inisse,
277 1985 353 2066 quod
376 1980 490 2065 ἄκρον
511 1984 566 2047 diei
587 1996 701 2068 posset,
728 1997 809 2049 reete
830 1987 978 2055 adnotavit
1001 1992 1037 2055 de

89 2085 185 2151 Pauw.

89 2214 112 2250 ς’
144 2182 181 2246 V·
203 2182 277 2247 681.
321 2178 621 2266 ἄκρατοςόργην.
653 2178 777 2265 ἄκρατος
799 2182 904 2247 dieitur
924 2180 1036 2263 οἶνος,

89 2284 130 2351 tui
150 2304 226 2366 aqna
248 2304 307 2345 non
329 2281 451 2346 admista
473 2292 531 2357 est,
554 2284 629 2346 unde
651 2283 765 2358 servem
787 2283 824 2346 atl
844 2283 918 2346 iram
941 2293 1037 2348 trans·

89 2394 142 2450 ata
171 2384 243 2446 haee
265 2403 327 2474 vox
347 2380 494 2465 signifieat
518 2385 797 2464 intemperantiam.
840 2379 856 2445 ὁ
876 2378 968 2456 πολὺς
988 2385 1039 2448 καὶ

89 2481 241 2568 νἰκρᾶτηκος
268 2478 342 2545 κατὰ
367 2476 421 2562 τὴν
445 2477 535 2564 ὀργὴν
556 2480 655 2545 Schol.
677 2482 711 2544 B.
745 2482 857 2565 Argum
885 2494 1038 2566 propterea

89 2585 126 2649 tio
147 2584 253 2648 dietum
276 2602 363 2655 esso,
386 2581 462 2664 qnod
483 2579 570 2644 nimis
591 2601 728 2646 morosus
751 2592 832 2645 esset
849 2582 1037 2657 observator,

90 2684 233 2749 innotavit
261 2680 455 2756 Schuetzins,
487 2685 643 2746 conferens
671 2704 738 2746 enm
760 2693 862 2746 nostro
883 2680 948 2745 loon
968 2681 1040 2763 illut

90 2782 196 2847 tottii:
222 2783 409 2852 Constiterat
426 2783 728 2865 quonammodo,
752 2783 913 2864 spectabat
931 2782 975 2844 nd
989 2782 1039 2857 Jn,

90 2886 170 2946 Ante
191 2883 296 2947 oculor
313 2879 372 2963 Jo,
395 2885 535 2964 quamvis
554 2904 683 2945 onerans
700 2882 832 2945 habebat.
877 2880 916 2944 Et
937 2880 1036 2945 Valer.

90 2981 178 3045 Flaoo.
206 2982 319 3062 Argon.
338 2981 390 3057 tv,
406 2981 477 3050 351.
496 3003 559 3067 sqq.
593 2989 764 3057 πυκνοῖς,
786 3003 817 3044 ν.
840 2979 876 3044 nd
896 3000 928 3043 v.
947 2980 1019 3043 668.

146 3074 182 3138 V.
200 3076 273 3138 683.
291 3099 354 3160 sqq.
399 3080 583 3146 Blomfieltus
606 3092 753 3166 comparat
774 3080 905 3165 Thnoyd.
927 3076 965 3151 ΙΙ,
985 3077 1039 3141 61.

90 3180 186 3241 ἱονλοῖ
209 3169 264 3257 γὰρ
291 3170 324 3235 τὸ
350 3173 486 3257 φρόνημα
508 3177 542 3244 τὸ
568 3183 717 3260 αἰφνίδιον
744 3180 794 3242 καὶ
814 3173 1039 3261 ἆκροςδόκηκον.

90 3275 238 3362 iaeo'duo
262 3272 388 3356 epitheta
409 3274 587 3358 significant,
611 3281 665 3344 hoo
686 3293 716 3344 et
739 3289 855 3363 praeter
871 3276 1039 3360 opinionem

90 3387 111 3440 tt
142 3375 239 3440 subito
266 3372 428 3449 accidisse,
457 3386 490 3438 nt
518 3374 567 3437 itte
592 3362 654 3440 vi'ta
681 3379 855 3461 privaretur.
900 3372 1039 3438 Fabulam

91 3496 193 3561 psam,
223 3496 280 3558 qna
310 3471 475 3537 Mercurius
506 3495 573 3536 eum
593 3476 737 3541 occidisse
755 3481 869 3549 fertur,
900 3473 1040 3558 praeterit

90 3575 134 3654 to,
156 3575 225 3661 quia
246 3576 366 3659 longum
385 3584 449 3640 erat
471 3594 623 3639 enarrare.
