2436 4116
273 294 543 374 ruunscrnur
565 310 775 375 rnounrn.
799 311 934 378 vrucr.
1019 316 1085 381 im

122 477 213 542 licats
237 482 421 561 penetravi
439 488 469 541 et
488 480 546 542 ahi
563 501 642 543 sum.
685 479 731 543 Cf.
750 476 782 544 ν.
804 479 876 544 589.
899 477 959 562 ὅπῃ
980 476 1082 558 ἀλύξω.

99 621 102 627 ·
122 577 162 642 Et
182 599 217 640 v.
240 575 394 662 llartung,
415 575 446 640 in
469 577 561 642 lihro:
591 579 875 642 decorticemus
895 601 923 664 p.
940 580 995 647 88.
1013 601 1078 666 sqq.

183 675 342 741 Caeterum
358 687 424 761 apte
441 677 634 744 Schuetzinsr
656 679 839 763 „Postquam
854 678 926 743 haee
940 678 1016 744 dixit
1030 679 1080 757 le,

120 797 201 840 nevo
230 777 340 841 luroris
371 798 495 840 accessu
526 799 559 841 sc
586 777 690 862 agitari
718 778 819 840 sentit.
873 776 979 845 Videre
1001 780 1081 844 enim

120 874 240 940 videtur
259 875 331 961 Argi
354 878 499 953 umbram,
522 875 656 960 vestigiis
674 876 736 939 suis
753 877 950 942 insistentem.
987 880 1081 963 Egre-

120 975 168 1060 gie
203 997 277 1042 vero
315 975 498 1040 adumbravit
534 974 697 1061 Aeschylus
729 975 782 1039 lus
813 977 943 1041 animum
972 974 1082 1060 spectrl

119 1075 275 1161 phantasia
298 1076 505 1159 perterritum3
529 1076 651 1159 ejusque
663 1073 766 1165 'oratio
781 1075 957 1140 mimhiliter
971 1078 1006 1139 ad
1026 1098 1080 1140 an·

118 1176 262 1241 xietatem
292 1173 381 1249 animi
409 1175 583 1261 prodendam
612 1174 811 1251 confermata,
842 1175 867 1238 si
890 1176 974 1258 justa
995 1196 1079 1259 prae-

119 1275 223 1340 sertim
245 1274 354 1340 actoris
378 1275 615 1358 pronuntiatione
634 1274 721 1337 luerit
739 1277 851 1359 adjuta,
874 1275 1078 1341 vehementem

118 1374 236 1439 theatro
267 1387 411 1438 terrerem
435 1373 595 1437 incusserit
623 1394 746 1438 neeesse
772 1384 828 1439 est.
873 1365 947 1452 ἆᾶ,
978 1377 1012 1440 ἔα
1033 1377 1077 1455 λα,

118 1472 343 1558 interjectiones
364 1474 487 1557 primum
511 1483 655 1536 terrorem
681 1494 721 1536 ex
740 1474 856 1538 visione
877 1475 949 1559 Argi
971 1499 1077 1541 cence-

120 1583 204 1658 ptem
219 1587 282 1658 apte
299 1585 329 1640 et
345 1574 477 1657 graviter
492 1573 621 1656 signant.
667 1570 748 1651 Quod
766 1574 835 1636 dicit
854 1566 918 1653 (αὖ,
936 1595 966 1637 ν.
986 1577 1076 1659 567.)

118 1677 251 1748 iterum,
285 1673 314 1736 id
345 1673 418 1737 scite
444 1685 473 1737 et
498 1673 711 1736 convenienter
731 1673 904 1756 spectatoris
926 1673 1078 1756 cogitatio·

117 1793 186 1836 uem
209 1774 244 1837 ad
266 1794 320 1845 ea,
351 1793 426 1856 quae
447 1783 533 1836 extra
554 1783 777 1856 scenam‘gesta
799 1783 887 1849 sunt,
910 1773 1075 1837 traducit.“

117 1872 167 1951 ἔα,
190 1873 225 1936 ἔα
245 1872 391 1956 signifieat
411 1874 532 1945 deniae,
555 1875 676 1946 desine,
699 1872 834 1956 lmperat.
858 1874 894 1935 ah
915 1871 981 1936 ἒάω.

179 1972 217 2036 V.
240 1972 313 2034 557.
363 1967 515 2055 οἶστρος.
564 1974 711 2044 „Aridum
744 1972 779 2033 de
808 1992 865 2054 qun
893 1973 983 2034 multa
1011 1972 1073 2036 alii.

116 2071 296 2157 Aeschylus,
317 2081 351 2135 nt
370 2072 516 2145 videmus,
538 2065 653 2151 οἶστρον
675 2080 705 2132 et
725 2067 830 2150 μύωπα
854 2071 1000 2145 eont'udit3
1022 2073 1075 2135 sed

116 2171 185 2236 andi
215 2171 415 2235 doctissimum
449 2169 594 2254 Apollonii
623 2169 816 2232 Scholiastam
847 2168 882 2230 ad
911 2169 1024 2251 Argon.
1046 2169 1073 2245 l,

117 2271 213 2335 1265.
243 2266 333 2350 primata
361 2267 437 2344 εἶδος
466 2271 554 2351 μυίας
576 2265 650 2332 κατὰ
674 2265 706 2333 τὸ
736 2269 786 2351 ἔαρ
812 2262 982 2352 γινόμενον,
1010 2265 1076 2348 ἥτις

115 2377 181 2444 ταῖς
201 2367 302 2454 λογάσι
327 2377 385 2433 τῶν
404 2373 485 2452 βοῶν
504 2369 744 2451 ἕπτιιαθεζομένῃ,
773 2362 996 2442 delicatissimis,
1025 2366 1076 2428 καλ

116 2471 160 2544 εἰς
183 2472 289 2550 μανίαν
308 2467 379 2553 lipsa.
416 2466 469 2548 ἀφ’
492 2461 528 2532 οὗ
544 2471 595 2531 παλ
613 2466 726 2552 οἶστρος
744 2467 862 2552 λέγεται.
905 2462 1075 2547 Σώστρατος

116 2568 164 2644 δὲ,
188 2570 219 2631 ἐν
242 2576 277 2657 τῃ
305 2567 420 2655 τετάρτῃ
441 2570 508 2651 περὶ
528 2565 621 2645 ζώων,
651 2568 804 2632 διαστέλλει
823 2563 875 2628 τὸν
894 2562 1001 2646 μύωπα
1021 2569 1075 2626 τοῦ

115 2670 242 2750 οἴστρου.
286 2666 303 2732 ὁ
331 2667 383 2749 μὲν
411 2666 465 2752 γὰρ
493 2666 583 2750 μύωψ
611 2670 643 2732 ἐκ
668 2675 726 2732 τῶν
753 2665 845 2743 ξύλων
874 2662 1074 2748 iumentum,

115 2766 133 2833 ὁ
153 2767 185 2831 di
202 2765 313 2851 οἶστρος
330 2770 363 2831 ἐκ
378 2774 436 2830 τῶν
452 2770 483 2830 ἐν
498 2775 559 2842 τοῖς
572 2777 712 2849 ποταμοῖς
729 2765 921 2830 ἐπιπλεόντων
935 2766 1072 2849 ζωαρλων.

116 2869 163 2934 Cl.
190 2869 288 2941 Schnl.
313 2869 420 2954 Odyss.
439 2867 539 2939 XXll,
557 2869 630 2932 299.
674 2868 749 2931 llinc
771 2887 824 2930 sua
846 2867 1006 2950 desumpsit
1025 2887 1074 2928 re-

115 2967 231 3031 centior
260 2968 394 3049 quidem,
426 2967 477 3031 sed
504 2978 535 3031 et
562 2969 611 3032 ille
637 2988 752 3051 qnoque
774 2967 894 3041 doetus,
924 2965 1072 3029 Theocriti

115 3062 279 3126 Scholiasta
299 3066 335 3126 ad
353 3065 435 3148 ldyll.
457 3066 505 3138 Vl,
522 3069 575 3131 28.
598 3064 650 3130 τὸν
671 3063 785 3147 οἶστρον
803 3072 856 3129 τοῦ
870 3062 989 3146 μύωπος
1008 3058 1072 3124 Σώ-

114 3182 236 3243 στρατος
257 3162 418 3225 διαστέλλει.
458 3165 529 3244 (Pro
547 3163 664 3252 τετάρτῃ
684 3186 769 3248 porro
785 3167 937 3249 legendum
956 3163 1074 3228 videtur

114 3258 231 3347 πρώτῃ,
255 3262 279 3323 si
303 3263 387 3324 mede
404 3262 475 3324 fides
497 3263 536 3325 sit
552 3264 702 3327 Athenaeo
725 3265 873 3340 habenda,
895 3263 944 3346 qui
965 3263 1074 3324 diserte

117 3362 220 3426 serihit
242 3362 368 3424 Sostrati
390 3382 462 3445 epus
480 3382 497 3423 e
516 3363 628 3423 duobus
649 3374 763 3425 tantum
784 3365 866 3426 libris
888 3361 1071 3435 constitisse,

115 3461 181 3535 Vll,
205 3483 233 3544 p.
252 3461 325 3525 312.
352 3463 388 3524 E.
419 3482 504 3544 quam
533 3459 618 3522 facile
638 3472 735 3523 autem
758 3463 860 3526 horum
884 3470 1072 3524 humerorum
1139 3487 1142 3492 ’

117 3564 202 3648 signa
225 3558 260 3623 c'
281 3573 311 3625 et
331 3559 362 3624 δ’
386 3570 550 3646 permutata
573 3560 681 3636 terent,
705 3582 790 3625 nemo
811 3572 858 3625 est
879 3561 928 3645 qui
949 3578 1009 3624 nnn
1030 3559 1075 3625 vi-

161 3675 308 3714 nuscurrr
328 3675 527 3715 renueremus
546 3673 647 3712 vrncr.
870 3662 910 3727 13
