2436 4116
117 337 185 402 ran
431 301 756 390 commaneamus

117 513 184 578 tae,
212 509 247 564 nt
275 493 362 561 amici
389 491 505 559 visendi
532 491 757 577 deplorandique
784 514 907 569 caussa,
941 495 1073 581 neglecto

119 601 230 690 pudore
249 593 408 679 virginali,
431 591 509 657 illico
532 591 588 655 huc
610 592 757 657 venirent.
905 656 907 661 ,

181 697 219 763 V.
241 695 313 759 135.
358 693 472 757 Chorus
496 688 629 767 ἀπέδιλος
643 692 802 757 advolavit.
847 693 909 757 Hoc
930 695 1072 759 vocahnlo

122 797 298 885 exprimitur
317 792 485 865 festinatio,
513 812 570 874 qua
590 801 754 866 venerunt3
780 791 891 857 relictis
913 793 993 857 enim
1015 795 1073 859 cal·

124 899 185 965 ceis
212 916 331 961 currum
363 891 608 957 conscenderunt.
660 891 761 974 ltaque
781 893 860 954 nudi
878 894 1075 958 cernebantur

122 997 271 1085 virginum
292 993 398 1080 pedes;
420 1002 537 1055 caetero
556 990 654 1053 velato
673 984 794 1074 co‘rpore
811 992 1024 1075 proveniebant
1044 994 1073 1056 iu

123 1117 253 1163 scenam.
309 1091 402 1175 Saepe
427 1101 524 1153 autem
551 1088 591 1164 ii,
623 1089 672 1172 qui
703 1100 877 1174 properant,
908 1092 1074 1158 discalceati

122 1195 227 1263 venire
254 1191 410 1266 dicuntur,
436 1189 521 1273 cujus
549 1188 592 1252 rei
614 1188 746 1273 exempla
768 1192 807 1254 ah
823 1189 983 1256 editoribus
1004 1192 1073 1257 haec

116 1301 407 1361 commemorantur:
434 1287 559 1351 Theocr.
579 1288 692 1364 XXlV,
709 1288 761 1353 36.
784 1289 856 1353 Bion
869 1291 892 1368 l,
907 1293 959 1356 21.
984 1291 1071 1378 Soph.

11 1454 19 1479 ,
124 1395 220 1460 dilect.
244 1413 276 1456 v.
290 1390 364 1457 877.
389 1388 492 1452 llorat.
519 1387 582 1451 Sat.
602 1387 626 1461 l,
648 1391 682 1465 2,
706 1386 774 1451 132.
821 1389 977 1455 Caeterum
996 1393 1074 1458 veri·

125 1491 221 1559 similo
248 1499 314 1566 est,
345 1486 547 1562 Oceanitides,
575 1487 741 1572 priusquam
764 1487 956 1554 Prometheus
976 1492 1073 1577 affige-
1115 1484 1118 1497 ’

124 1603 208 1658 retur
234 1590 271 1654 ad
298 1609 417 1672 rupem,
443 1588 639 1671 cognovisse,
669 1609 736 1652 enm
761 1610 778 1652 a
804 1588 881 1653 Jove
901 1588 957 1653 hac
982 1612 1073 1676 poena

125 1691 295 1756 mulctatum
318 1687 365 1751 iri.
409 1686 515 1750 Audito
536 1687 627 1772 igitur
647 1687 814 1752 vehementi
835 1688 979 1773 strepitu,
1000 1692 1074 1776 quod

125 1790 230 1856 malleo
244 1784 368 1851 Vulcani
389 1785 584 1862 excitabatur,
605 1785 756 1872 Nymphae
774 1786 986 1871 intelligebant,
1008 1790 1073 1875 quid

125 1887 300 1962 accidisset,
327 1904 422 1968 neque
444 1883 597 1969 cupiditate
619 1884 754 1962 videndi,
776 1907 851 1969 quae
872 1908 979 1953 caussa
996 1901 1074 1954 esset

126 1986 215 2073 hujus
235 1984 392 2061 stridoris,
414 1984 465 2048 sed
485 1984 684 2049 misericordia
706 1985 738 2048 in
760 1986 844 2048 deum
865 1987 1074 2053 amicissimum

126 2084 292 2152 ductaehoc
303 2083 359 2149 iter
370 2096 571 2168 susceperunt.
596 2081 665 2171 ὄχῳ
680 2090 855 2172 πτερωτῷ,
869 2108 900 2150 v.
912 2088 946 2155 ad
960 2110 990 2151 v.
1004 2091 1073 2156 128.

187 2185 225 2252 V.
247 2186 318 2250 137.
362 2180 554 2261 ,,πολύτεκνος
574 2183 679 2248 dicitur
696 2183 827 2269 Tethys,
849 2185 917 2269 quia
937 2209 1074 2272 magnum

125 2287 282 2352 liberorum
312 2305 466 2347 numerum
495 2284 610 2347 Oceano
640 2293 808 2369 pepererat,
841 2303 914 2367 quos
939 2298 1074 2352 recenset

126 2385 271 2453 llcsiodns
292 2383 323 2446 iu
344 2382 495 2469 Theogon.
519 2405 549 2448 v.
568 2383 639 2448 337.
658 2393 751 2467 sqq.“
781 2382 924 2448 Sonuarz.

186 2484 224 2550 V.
244 2481 432 2548 138-140.
467 2479 731 2547 τοῦ-Ὠκεανοῦ.
757 2484 826 2564 „lde
839 2487 941 2569 patria
961 2485 1076 2549 Oceani

125 2592 242 2648 terram
264 2584 428 2664 irrequieto
444 2585 579 2660 flumine
598 2587 750 2668 cingentia
760 2585 865 2667 filiae.
910 2583 1074 2648 Secundum

125 2692 259 2748 veterum
286 2678 451 2763 opinionem
478 2680 586 2745 Oceani
613 2681 722 2747 flumen
747 2693 840 2747 totum
860 2694 1007 2748 terrarum
1028 2704 1074 2748 or·

125 2782 192 2846 hcm
212 2800 339 2843 coronae
357 2779 453 2846 instar
473 2781 602 2859 ambire,
623 2782 793 2848 tralatitium
812 2794 867 2848 est.
910 2782 1074 2870 Aeschylus

125 2891 224 2945 antem
259 2879 406 2944 Oceanum
435 2882 520 2947 deum
550 2883 586 2946 ah
619 2883 792 2967 cognomine
821 2881 940 2966 domine
969 2882 1075 2946 diserte

126 2979 278 3065 distinguit
295 2981 348 3058 (cl.
365 3002 396 3045 v.
409 2980 482 3047 300.
502 2973 653 3062 ἒπῶνὺμον
669 2983 785 3068 ῥεῦμα).
807 2981 966 3070 ἇκοίμητρν
984 2984 1075 3065 ῥεῦμα

125 3079 285 3164 appellatur
302 3079 429 3158 flumen,
460 3081 506 3146 cui
528 3081 662 3145 Oceanus
685 3082 846 3166 praesidet,
871 3093 991 3166 propter
1011 3101 1075 3165 per·

104 3189 243 3264 -petuum
273 3190 404 3257 motum,
433 3191 463 3245 et
490 3201 531 3244 ex
557 3180 659 3243 eodem
683 3182 764 3245 lonte
790 3181 855 3245 sine
882 3180 968 3244 duhio
991 3179 1076 3244 duxit

124 3279 230 3344 nohilis
255 3278 375 3344 Homeri
402 3279 572 3364 phantasia,
602 3300 658 3363 qua
680 3280 819 3346 Somnum
842 3280 885 3344 sic
906 3280 1074 3363 loquentem

122 3378 234 3443 inducit
260 3378 308 3461 (ll.
331 3378 414 3456 XlV,
434 3378 542 3460 Old),
575 3388 608 3442 ut
628 3378 775 3445 Oceanum
796 3380 827 3444 in
849 3401 984 3465 soporem
1006 3381 1076 3444 dare

68 3534 73 3542 .
122 3478 237 3543 {acilius
258 3478 386 3563 quidem,
410 3498 496 3562 quam
516 3477 632 3556 lovem,
654 3480 707 3546 sed
727 3492 824 3546 tamen
847 3500 985 3565 magnum
1003 3499 1076 3564 opus

122 3596 158 3643 ao
178 3567 294 3644 difficile
312 3599 381 3646 esce
402 3577 587 3674 rignilicet.“
620 3578 702 3648 torn.
