2436 4116
209 289 254 350 ΙΝ
275 287 479 379 AESClll'Ll
502 289 711 355 Pacatum.
734 288 876 360 vtrtcrl
956 300 1021 387 161

62 457 96 521 ln
117 453 322 541 geographicis
343 455 419 539 apul
442 466 542 538 poetas
562 457 803 544 descriptionibus
824 459 905 547 larga
925 461 1022 549 dispu-

62 555 194 621 tantibus
216 565 246 618 ct
267 553 493 639 conjicientibus
514 555 649 621 materia.
788 635 791 639 Ι
1107 564 1110 571 ’

124 654 162 720 V.
181 654 377 719 423-424.
422 650 487 730 ὀξυ
495 651 691 741 mppiposos,
712 654 896 739 όξοκερᾶιοις
916 659 1015 726 Schul.

60 757 96 824 sl.
117 752 187 832 ὀξέα
205 753 274 835 βέλη
296 748 428 834 ἐχούσαις
448 753 544 817 solsol.
569 755 601 820 B.
624 755 738 838 βρέμων
765 757 798 821 ἐν
822 759 953 839 αἰχμαῖς,
981 772 1022 824 vi

60 854 165 925 ttaut.
190 854 242 918 Gr.
267 852 320 917 Gr.
344 873 385 915 ns.
409 853 437 934 §.
454 853 528 918 577.
551 874 579 937 p.
600 853 691 919 1340.

120 953 159 1019 V.
175 953 249 1016 426.
282 949 602 1031 ἀδαμαντοδέτοις
621 949 763 1036 λύμαις.
792 953 829 1018 V.
846 954 880 1039 ad
894 976 925 1018 v.
941 954 1011 1019 147.

60 1052 143 1134 Quot
163 1051 254 1135 vulgo
271 1049 378 1135 legitur
392 1046 641 1131 ἇκαμανιοὸέτοις,
661 1052 791 1138 ineptum
806 1073 873 1117 esse
886 1053 1012 1125 videtur.

59 1173 149 1237 quum
178 1150 234 1214 hoc
260 1150 432 1215 vocabulum
461 1148 606 1233 significet
626 1151 750 1237 aliquem
771 1154 926 1233 indefesse
948 1155 1013 1217 uin·

59 1264 159 1329 mum,
191 1271 275 1333 quam
299 1249 447 1313 notionem
466 1249 621 1313 absurdam
644 1272 711 1315 esse
733 1261 845 1336 putant.
888 1250 966 1316 Nam
988 1250 1014 1315 si

58 1352 182 1436 quisita
199 1349 306 1434 ligatus
325 1360 383 1424 est,
405 1359 438 1412 ut
453 1348 529 1412 solvi
546 1347 683 1433 nequeat,
707 1350 878 1415 existimant
895 1351 1014 1417 vincula

59 1471 119 1523 nou
147 1469 235 1534 posse
266 1448 322 1512 dici
351 1448 508 1514 indelessa.
558 1452 597 1514 At
625 1449 752 1532 quidni?
796 1450 828 1513 ln
851 1450 913 1535 ipsa
934 1449 1012 1514 enim

59 1547 195 1624 mocula,
221 1568 296 1631 quae
317 1547 413 1632 frangi
437 1569 496 1611 non
517 1560 661 1633 possunt,
690 1549 737 1613 vis
760 1561 790 1613 et
811 1561 916 1613 natura
936 1547 1013 1612 inla-

59 1647 185 1732 tigubilis
212 1649 408 1723 transfertur,
437 1648 533 1731 quod,
564 1648 717 1712 dunamodo
745 1660 858 1732 poetam
886 1648 1012 1735 lyricum

56 1748 136 1833 loqui
157 1746 398 1823 meminerimus,
421 1767 481 1810 non
502 1747 585 1810 debet
608 1746 699 1812 videri
721 1749 887 1813 absurdum.
932 1746 1011 1828 Qua-

56 1858 174 1934 propter
202 1867 308 1938 uereor
337 1867 375 1910 ne
401 1845 591 1931 plurimorum
622 1846 760 1912 librorum
791 1849 877 1913 lectio
897 1849 1010 1933 praele-

56 1949 158 2027 reuda¹
173 1946 231 2023 sit,
258 1968 344 2030 qnam
367 1945 465 2009 Schol.
490 1945 524 2007 B.
547 1945 774 2028 interpretatura
804 1945 940 2033 μεγάλαις
959 1947 1009 2012 aul

56 2045 193 2131 lopaipme.
243 2045 364 2109 Vincula
392 2055 422 2108 et
451 2046 655 2109 adamantino
684 2044 820 2110 dicuntur
850 2046 1008 2130 aquosis,

55 2149 99 2225 ,sic
120 2170 138 2213 a
157 2156 242 2232 poeta
261 2145 362 2208 eodem
384 2164 475 2206 sensu
497 2155 620 2226 possunt
639 2144 695 2222 diei
715 2149 883 2228 indefesso.

115 2247 154 2313 V.
176 2243 372 2312 429-430.
417 2243 585 2325 volgatam·
602 2242 775 2320 lectionem,
803 2243 834 2307 in
865 2262 920 2325 qua
941 2241 1009 2318 αἴας

54 2349 197 2425 omissum
219 2355 265 2409 est
286 2363 380 2427 neque
402 2342 570 2406 nominatur
590 2352 688 2421 terra,
710 2365 784 2427 quae
801 2363 893 2426 aeque
915 2340 1008 2404 nomi·

56 2449 150 2517 nanda
179 2456 243 2508 erat
271 2454 358 2526 atque
385 2438 522 2525 οὐράνιος
541 2438 646 2520 πόλος,
677 2464 810 2507 mancam
833 2462 900 2507 esse
921 2461 1007 2505 nemo

56 2570 115 2613 non
136 2546 226 2610 videt.
272 2542 367 2606 Verba
389 2540 495 2616 σθένος
512 2538 658 2625 κραταιὸν,
679 2565 754 2627 quae
777 2542 870 2628 magis
886 2541 1007 2606 in'Ter·
1072 2601 1076 2607 .

52 2669 118 2713 -ram
141 2645 283 2730 quadrant
304 2664 388 2727 qoam
411 2642 442 2705 in
461 2642 594 2719 Coelum,
618 2655 648 2707 et
661 2667 692 2707 τε
710 2642 849 2726 particula
864 2640 1005 2724 indicant,

55 2747 202 2813 excidisse
223 2743 416 2819 vocabulum,
438 2762 494 2825 quo
515 2742 606 2806 Terra
628 2742 820 2827 significetur.
864 2741 1008 2829 Quocirca¹

54 2851 122 2922 αἴας
141 2844 304 2931 μοιιάἰὲν,
332 2843 399 2927 quia
420 2852 537 2925 propter
557 2840 705 2906 literarum
726 2842 943 2925 similitudinem
964 2844 1007 2908 la·

54 2949 110 3012 cile
131 2946 226 3008 omitti
248 2954 360 3028 poterat
387 2965 423 3007 eo
450 2943 533 3017 loeo,
566 2941 758 3026 adjiciendum
788 2943 904 3029 putavi,-
933 2943 1007 3007 Din-

53 3045 165 3117 ¹slorlius
191 3054 289 3107 autem
314 3051 368 3127 μᾶς
385 3053 455 3108 ante
481 3039 618 3127 οὐράνιον
637 3039 728 3117 addit,
750 3040 856 3127 aliique
879 3045 1007 3107 tortasse

55 3143 114 3209 alio
135 3141 211 3204 loco.

117 3238 319 3322 ὑπείροχον
352 3239 483 3316 librarii,
516 3241 679 3326 cogitantes
707 3240 743 3304 tle
769 3237 926 3303 Homerico
955 3236 1030 3302 illo·

53 3343 207 3426 ὑπείροχον
235 3339 352 3421 ἔμμεναι
377 3335 484 3415 ἄλλον,
525 3341 708 3424 scripserunt
733 3360 785 3424 pro
814 3335 1006 3420 ὑπέροχον,

55 3444 131 3530 quod
151 3450 244 3504 metro
265 3437 430 3523 postulante
450 3438 630 3502 recentiores
652 3439 779 3502 editores
800 3437 1004 3502 restituerunt.

117 3535 361 3617 innotescitur
387 3535 528 3602 exhibent
549 3536 678 3623 plerique
698 3537 775 3602 libri.
820 3537 1007 3602 llermennus
