2436 4116
133 82 218 201 rus*
373 116 377 121 ’
448 127 773 192 consumemus

134 328 138 335 ·
191 299 227 364 V.
248 296 320 366 558.
344 315 408 380 sqq.
453 294 662 358 Constructio:
698 293 745 359 ὅτε
771 291 910 361 Ἡσιόναν
935 293 989 363 τόν
1013 296 1075 383 dpu-

129 397 252 483 ’πάτριον
269 394 373 482 ἄγαγες
392 390 522 476 δάμαρτα
540 390 752 478 minitrumque,
772 392 876 461 nando
894 396 1000 475 ἕδνοις.

190 498 227 564 V.
245 498 318 563 560.
357 494 421 558 Jam
440 494 522 557 venit
539 493 589 569 Jo,
605 515 705 559 seeum
720 493 864 579 loquens;
886 518 984 582 neque
1004 500 1075 566 enin

128 612 258 674 terram,
280 597 310 659 in
332 616 416 679 quam
439 594 532 658 delata
554 604 612 669 est,
635 614 728 677 neque
750 615 851 678 genus
864 595 1075 682 Nympharum,

130 720 207 786 quae
227 706 306 761 stunt
327 697 404 761 eirea
423 694 639 767 Prometheum,
661 693 754 756 novit.
799 695 842 759 De
856 696 912 761 dus
931 697 1075 767 inaubidos

131 799 226 865 subita
248 796 465 860 interventione
486 797 580 871 coni„
602 792 725 878 quaein
745 795 927 878 praefatione
941 799 979 863 ad
996 799 1073 885 bujus

129 898 296 982 tragoediae
320 893 587 978 interpretationem
617 893 819 956 Germanicam
846 894 992 965 diximus.
1028 901 1071 965 iu·

128 999 263 1062 troduutu
284 1005 330 1057 est
347 1003 499 1076 propterea
521 991 716 1077 potissimum,
739 994 815 1077 quod
835 995 983 1063 Hercules
999 1000 1071 1067 ubst

128 1097 297 1163 nasciturus
319 1102 365 1156 est
385 1091 474 1167 tilius,
499 1113 515 1155 a
534 1114 590 1176 quo
609 1092 777 1157 liberabitur
791 1095 948 1178 aliquando
966 1099 1074 1166 Pmmu·

127 1197 225 1261 tbeus.
269 1191 460 1255 Subnetziuse
483 1191 575 1274 prima
589 1189 641 1254 Jus
658 1194 814 1277 punotopto
831 1194 957 1262 effeetus
973 1211 1005 1264 ot
1020 1220 1084 1285 por·

127 1289 304 1358 turbationis
325 1289 492 1373 plenissima
514 1305 576 1365 esta
599 1292 705 1355 mentis
727 1291 814 1355 etiam
831 1295 936 1361 furore
950 1300 1073 1365 uoueitru

126 1393 224 1476 imago
244 1387 409 1453 verissimis
430 1389 576 1452 roboribus
596 1410 749 1474 expressa.

63 1562 67 1577 Ι
189 1489 227 1555 V.
249 1488 323 1554 561.
373 1494 541 1569 χαλινοῖς
568 1487 606 1551 ἐν
635 1491 869 1573 πετρίνοισιν.
923 1493 1016 1562 Poeta
1038 1498 1072 1563 lu·

110 1591 225 1676 *quitur
245 1586 402 1652 audacius=
422 1590 528 1669 stante
549 1590 582 1650 ιἰι
604 1593 726 1665 aureis,
751 1589 771 1652 i.
795 1610 824 1653 e.
847 1593 881 1654 in
897 1600 1021 1661 eatenis
1039 1598 1073 1663 ud

123 1710 239 1756 ausum
259 1687 380 1769 adlisis.

189 1787 228 1853 V.
250 1787 324 1852 562.
343 1858 347 1863 ,
368 1780 630 1867 χειμαζόμενον
657 1787 785 1872 explieat
810 1788 981 1858 Vulcanus·
992 1816 1072 1881 supra

126 1911 158 1955 v.
180 1887 235 1955 20.
251 1907 315 1970 sqq.
338 1887 374 1950 oi.
399 1906 431 1948 v.
452 1885 523 1948 113.
541 1905 605 1969 sqq.
629 1908 659 1950 v.
683 1888 754 1953 145.
771 1908 835 1972 sqq.

188 1987 226 2053 V·
250 1986 322 2051 563.
365 1979 504 2058 ποινὰς
525 1980 656 2062 ὄλέιιει,
678 1985 699 2049 i.
718 2009 744 2052 ο.
768 1984 872 2063 ποινὰς
885 1988 1005 2074 πόσχων
1019 1991 1071 2058 brt.

124 2114 179 2166 ιιει,
200 2083 304 2160 ποινὰς
318 2081 419 2158 διδοὺς
433 2080 532 2147 diisset.
566 2083 709 2168 Loquitur
724 2099 806 2171 poeta
826 2089 968 2170 brevius3
991 2116 1069 2178 quum

125 2188 240 2273 proprie
268 2186 364 2249 dicere
394 2183 482 2247 vellet
506 2181 610 2259 ποινὰς
638 2188 739 2264 δίδως,
769 2207 820 2270 pro
841 2189 932 2265 δίδως
951 2192 1031 2259 aliud
1046 2203 1071 2258 et

124 2286 247 2372 gravius
279 2284 392 2369 quidem
426 2283 549 2346 verbum
580 2283 687 2367 posuit.
743 2286 789 2349 ct.
818 2287 854 2349 ad
882 2310 915 2352 v.
947 2292 1069 2358 430.rt

120 2407 154 2451 v.
176 2387 250 2451 594.
282 2380 410 2467 δρόμους
431 2379 606 2467 γυμνάζεται.
654 2382 732 2447 Nihil
766 2394 864 2448 tamen
886 2390 1068 2474 supplendum

122 2495 188 2559 est,
216 2505 283 2546 nam
304 2484 490 2546 aecusativus
513 2492 560 2546 est
580 2483 747 2546 remotioris
768 2485 886 2568 objecti.
932 2490 1018 2557 Hauo
1035 2494 1069 2556 Ιο-

120 2584 249 2647 ·ο6οοοιο
278 2603 366 2666 quum
393 2580 503 2646 librarii
535 2603 594 2645 nun
628 2582 862 2661 inteiiexissent,
894 2589 1069 2674 seripserunt

122 2689 239 2757 ποιναῖς
260 2678 463 2766 biduum-quod
485 2703 501 2745 a
522 2682 621 2745 multis
644 2683 803 2746 editoribus
823 2696 974 2769 receptum
996 2701 1048 2755 est

184 2781 221 2845 V.
242 2781 314 2845 564.
331 2785 403 2846 565.
449 2780 519 2863 ὅπη
538 2787 616 2865 γῆς.
658 2782 816 2866 Ebnuslejus
832 2780 901 2847 όποι
916 2794 982 2870 γῆς,
1007 2791 1068 2854 όοο·

121 2905 187 2948 rum
210 2882 301 2946 coto.
332 2881 503 2956 lectionem,
532 2880 639 2964 injuria
661 2883 812 2966 praotniit3
840 2881 899 2965 όπη
920 2887 1000 2951 enim
1019 2886 1068 2952 etsi

121 2984 285 3068 signifieat:
315 3003 375 3065 quo
397 2982 478 3054 loeo,
504 3001 566 3062 qua
585 2985 726 3064 regione,
754 2992 850 3046 tamen
874 3005 939 3047 euin
963 2987 1067 3059 verbis,

118 3099 196 3167 quae
217 3092 326 3144 motum
350 3079 490 3154 indicant,
513 3081 701 3162 conjunctum
722 3093 803 3146 reete
816 3083 922 3146 dieitur
940 3087 1077 3170 ex-pieo‘

120 3203 224 3246 nasmo
242 3181 378 3264 quodam.
422 3177 465 3242 lta
484 3186 539 3243 ποῖ
552 3180 628 3260 μένω
641 3192 704 3244 esta
725 3204 785 3265 qno
803 3186 876 3246 oeni
892 3193 923 3244 et
939 3186 996 3249 ubi
1009 3165 1068 3249 mi·

119 3303 197 3357 neo;
225 3281 339 3365 plenius
365 3298 506 3362 expressa
534 3277 605 3343 baeu
632 3280 719 3344 dictio
749 3292 795 3345 est
817 3283 891 3368 apud
910 3283 1000 3369 Sopb.
1023 3285 1065 3368 oj.

119 3382 246 3447 omna.
273 3387 329 3444 ποῖ
345 3374 440 3460 μολόν
460 3377 553 3458 μένοις
579 3379 679 3465 ltaque
699 3379 758 3465 όπη
779 3379 964 3466 πεπλάνημαι
984 3384 1068 3471 sigui·
