2436 4116
256 302 314 375 'IN
334 312 538 377 sescum
557 313 767 380 PROMETH.
790 315 927 382 VINCT.
1004 321 1067 385 lor

113 479 203 547 animi
224 481 382 566 appetitum
404 492 435 547 et
455 481 639 548 affectionem
662 482 726 548 sive
744 484 849 550 bonam
867 484 933 550 sive
951 485 1071 566 malam,

114 602 203 665 quum
227 580 274 644 hic
296 602 382 646 nemo
404 603 464 644 non
486 580 584 644 statim
605 583 640 646 de
660 582 705 647 ira
727 583 845 666 cogitet.
885 585 935 649 Ex
952 584 1072 649 Cicero·

113 680 162 745 nis
183 681 401 757 conversione,
425 702 481 765 qna
504 681 673 767 simpliciter
693 684 889 746 iracundiam
909 682 1004 760 dixit,
1027 685 1072 749 ni·

113 777 154 843 tit
179 778 257 842 lucri
281 779 422 856 iacimus,
453 802 548 864 neque
573 802 608 847 ea
638 781 679 845 uti
709 781 829 845 debebat
850 781 1014 865 Stephanus
1036 787 1073 853 at

113 876 299 943 refutandam
321 879 460 943 librorum
483 879 650 945 lectionem.
694 879 813 962 Reisigii
835 881 1005 964 conjectura
1024 880 1072 967 ὀρ-

110 983 173 1062 γῆς,
187 983 341 1055 νοσοῦσιν,
363 979 425 1042 etsi.
441 980 637 1045 difficultatem
659 979 692 1043 in
713 979 811 1043 verbis
833 979 956 1064 positam
976 1002 1074 1047 remo·

112 1087 182 1155 vet,
205 1087 384 1143 tamennon
406 1099 479 1164 opus
500 1091 558 1156 est,
581 1101 670 1163 quum
692 1078 811 1164 vulgata
834 1089 952 1163 optume
973 1101 1006 1145 se
1023 1081 1075 1145 ha·

113 1178 181 1242 teat
201 1187 289 1261 atque
315 1178 445 1262 poeticae
467 1179 593 1244 orationi
616 1178 709 1264 magis
728 1178 898 1243 conveniat.
941 1178 1017 1244 Nam
1039 1182 1074 1246 tle

113 1276 260 1342 industria
282 1289 365 1362 poeta
387 1278 422 1341 dc
442 1280 584 1341 morbosa
607 1276 652 1343 ira
673 1278 821 1362 loquitur,
842 1278 902 1343 coi.
913 1281 1024 1345 mederi
1044 1291 1075 1345 ot

115 1377 201 1441 debet
228 1387 259 1440 et
283 1388 379 1461 potest
400 1377 656 1442 admonitionibus.
709 1378 757 1443 ira
784 1373 861 1442 enim
892 1379 978 1445 etiam
1008 1379 1074 1444 sani

116 1474 245 1540 hominis
267 1497 335 1541 esse
356 1488 472 1562 potest,
503 1497 536 1541 ea
559 1479 621 1555 ira,
651 1498 725 1560 quae
743 1477 835 1562 justis
857 1479 972 1542 caussis
993 1500 1074 1543 eom·

117 1586 198 1641 mota
218 1586 276 1653 est,
298 1586 332 1639 ot
352 1575 396 1640 ira
418 1574 481 1661 ipsa
505 1577 639 1642 violentur
658 1598 738 1640 sano
756 1598 833 1642 csse.
876 1575 959 1641 Jovis
976 1589 1074 1645 antem

115 1675 182 1752 ira,
210 1676 245 1739 de
273 1697 329 1757 qua
357 1674 404 1741 hio
431 1697 529 1744 sermo
558 1687 622 1752 cst,
649 1675 755 1740 dicitur
775 1675 902 1752 insana,
932 1677 998 1760 quia
1026 1677 1075 1742 itte

112 1774 291 1851 Prometheo
317 1774 458 1840 irascitur
484 1775 604 1859 injustis
633 1775 670 1839 (ic
697 1774 823 1841 caussis.
880 1775 977 1859 Atque
1006 1774 1075 1843 hoie

115 1875 178 1942 irae
206 1895 380 1941 succurrere
409 1874 591 1959 argumentis
618 1875 703 1939 facile
728 1897 796 1940 esse
823 1886 905 1960 putat
925 1874 1072 1941 Oceanus.

116 1977 248 2043 Eandem
271 1976 307 2038 ob
329 1995 465 2046 caussam
487 1970 577 2058 ὀργὴν
597 1973 741 2038 Stohaeos
762 1975 886 2058 appellat
901 1977 1054 2057 ματαίαν..

180 2107 217 2172 V.
240 2106 312 2171 380.
355 2112 584 2189 σφριγῶντα,
605 2103 765 2187 αὐξόμενον
786 2106 837 2169 καὶ
858 2106 955 2182 ζέοντα
973 2106 1073 2170 Schol.

117 2209 151 2274 B.
176 2204 383 2290 ἐπαιρόμενον,
413 2201 546 2285 ἰσχύοντα
568 2205 696 2290 Hesyeh.
735 2210 898 2291 σφριγᾷν
918 2204 967 2268 vel
988 2224 1077 2288 σπαρ-

118 2318 176 2398 μᾷν
195 2309 312 2394 proprie
334 2305 389 2369 diei
417 2305 506 2368 ubera
536 2305 611 2369 laete
631 2306 758 2368 distenta
780 2314 862 2366 notat
881 2303 1076 2367 Blomfieidus.

118 2410 298 2492 interpretes
320 2406 412 2470 citant
423 2404 579 2467 Ruhnken.
603 2406 638 2467 ad
651 2402 762 2466 Timaei
779 2403 840 2466 lex.
861 2401 935 2465 Piat.
958 2423 986 2486 p.
1002 2401 1074 2465 244.

119 2511 276 2574 Caeterum
297 2502 476 2588 μοιθάσσειν
494 2516 523 2569 et
540 2504 694 2585 ἰσχναίνειν
710 2503 764 2566 sihi
782 2511 984 2588 opponuntur3
1005 2501 1078 2565 iilud

118 2621 165 2675 est
185 2612 318 2672 molliter
338 2616 491 2678 tractura,
514 2605 569 2668 hoe
590 2625 710 2688 aspera.
939 2606 941 2613 '

180 2741 217 2805 V.
242 2739 315 2805 381.
366 2738 431 2822 Ego
460 2737 582 2820 praetoti
609 2743 845 2820 προθυμεῖσθαι,
880 2735 1013 2819 cogitans
1042 2735 1079 2799 de

117 2842 254 2907 versibus
275 2838 488 2914 341-343„
521 2837 570 2900 uhi
601 2836 727 2927 studium
754 2835 863 2900 Oceani
897 2835 928 2898 in
958 2835 1077 2899 Prome·

118 3038 269 3119 displicet,
292 3039 367 3118 quod
389 3037 461 3101 haee
482 3060 544 3102 vox
566 3037 659 3123 magis
678 3035 709 3099 in
729 3034 934 3119 Prometheum
956 3032 1080 3116 quadrat

117 3155 206 3220 quam
237 3133 269 3196 in
297 3131 465 3212 Oceanum,
498 3137 547 3222 qui
575 3124 662 3222 quom
689 3133 772 3198 Jovis
804 3132 934 3197 animum
964 3132 1081 3215 placare

117 3234 235 3308 studet,
267 3241 487 3314 προμηθεῖσθαι
514 3235 570 3300 dici
592 3256 651 3300 non
674 3245 790 3321 potest,
822 3232 874 3296 sed
895 3229 991 3316 potius
1011 3252 1081 3312 noo-

116 3341 291 3415 θυμεῐσθαι.

176 3449 214 3513 V.
227 3449 301 3513 382.
332 3449 478 3529 ζημίαν,
494 3469 630 3533 poenam,
646 3447 676 3511 h.
692 3470 720 3513 e.
736 3450 886 3511 domnum
902 3444 1079 3535 etlmalum.

178 3563 314 3631 V.‘384.
360 3563 417 3629 Atii
438 3568 508 3653 τῇδε
528 3572 563 3654 τῇ
580 3554 661 3651 uicos
678 3573 784 3629 νοσεῖν.
827 3564 908 3627 lotor
927 3569 1082 3644 utramque

158 3680 303 3721 nuscum
325 3679 643 3722 raouarnoosmner.
870 3646 907 3710 11
1011 3729 1018 3741 Ι
