2436 4116
647 39 792 119 v..

336 294 340 303 Ι
448 206 713 269 'rasurarum
1037 227 1079 271 vn

82 370 88 387 ”
116 377 192 449 (lum
217 376 282 450 e'rit
303 380 410 472 neque
433 375 526 448 valle
547 371 863 474 reprehendendum.
915 372 979 449 Sin
1001 396 1082 470 gra-

86 523 211 599 'uiora
245 524 404 621 quaedam
441 532 475 596 ct
508 524 732 620 explicatione
764 524 897 620 egentia
928 534 1082 621 practer-

119 673 220 746 missa
245 679 340 765 sunt,
367 673 541 770 ignoscere
568 672 655 745 uiros
682 672 797 746 doctos
825 682 959 771 rogatos
986 669 1083 761 nolb3

121 820 249 892 incuria
262 821 351 893 enim
369 821 424 893 uix
441 821 618 918 quidquam
635 822 790 894 ornissum
809 830 870 896 est.
903 823 951 895 Ut
973 831 1082 894 autom

121 994 202 1066 spus
233 970 403 1042 erroribus
441 993 577 1042 vacuum
615 993 635 1041 a
667 973 797 1044 uerarine
831 973 934 1046 scribi
961 979 1084 1068 potest,
1188 1006 1191 1012 ¹

120 1122 168 1189 ita
201 1143 263 1214 ego
296 1143 461 1215 nunquam
488 1119 696 1211 existimavi,
730 1143 782 1192 rue
808 1120 991 1217 perlectum
1018 1120 1085 1195 ali·
1122 1221 1125 1225 ¹

122 1267 200 1364 quid
239 1276 273 1340 et
311 1269 463 1341 omnibus
489 1268 635 1343 numeris
669 1270 855 1343 absolutum
891 1270 1084 1368 protulisse,

123 1418 193 1490 sive
218 1424 406 1513 verterem,
421 1419 491 1491 sine
514 1419 767 1493 commentarios
792 1416 985 1512 scriberem,
1014 1420 1086 1492 siro

124 1568 190 1640 alia
213 1593 316 1666 opera
343 1568 553 1649 conficerem.
603 1569 679 1643 Hoc
704 1593 766 1666 ego
791 1594 898 1667 neque
923 1570 994 1643 dixi
1014 1566 1085 1642 un·
1172 1646 1176 1653 ,

124 1744 219 1815 quam
240 1724 345 1815 nequ'c
363 1718 484 1814 scripsi
502 1743 609 1816 neque
626 1720 715 1792 solui
733 1717 935 1816 significare.
967 1716 1087 1792 Nihilo

124 1876 233 1941 tamen
250 1868 358 1940 minus
378 1867 488 1940 subito
510 1868 546 1939 in
564 1868 775 1964 arrogantiae
795 1869 952 1965 injustam
967 1868 1089 1942 lamam

124 2024 158 2090 ot
190 2018 453 2108 criminationem
487 2016 610 2110 incili,
643 2042 709 2089 uon
734 2017 830 2090 morlo
857 2016 945 2113 apud
970 2018 1089 2113 uulgus

125 2163 399 2238 Germanicarum
426 2128 597 2237 literarum
623 2138 827 2257 studiosum,
854 2165 997 2236 marinae
1023 2164 1090 2239 Ju-

127 2312 276 2403 laicum,
309 2311 368 2385 secl
395 2313 493 2385 etiam
524 2312 610 2410 apud
632 2312 848 2410 philosophos
870 2313 1028 2409 quosdam
1057 2321 1091 2387 et

126 2460 334 2558 philologos,
364 2442 421 2558 qui
446 2462 589 2533 animum
614 2486 722 2533 meum
748 2486 815 2534 nou
841 2460 923 2535 satis
951 2487 1091 2559 perspe-

125 2591 260 2687 ierunt.
321 2611 405 2683 Illos
441 2634 502 2707 ego
537 2610 653 2683 doctos
685 2609 835 2683 bomiues
862 2618 897 2682 et
923 2611 1091 2708 sapientes

127 2783 266 2851 moneo,
299 2783 341 2831 ue
364 2759 610 2832 inconsiderato
637 2767 671 2831 et
696 2760 893 2833 festinanter
917 2760 985 2832 tale
1011 2758 1091 2856 quid

129 2915 186 2979 aut
211 2907 360 3003 scribant
384 2917 442 2981 aut
461 2909 652 3006 loquantur,
675 2916 773 3005 atque
801 2930 884 3002 rogo
911 2908 1091 2981 uehemen-

129 3061 200 3146 ter,
235 3063 272 3127 ut
306 3057 424 3151 quibus
454 3055 659 3152 temporibus
676 3025 719 3127 „et
750 3054 868 3152 quibus
897 3055 938 3129 (lc
964 3057 1092 3129 caussis

132 3206 166 3270 et
191 3223 212 3269 a
234 3202 352 3294 quibus
371 3212 568 3298 prouocatus
592 3203 783 3300 scripserim
806 3203 859 3276 uel
885 3203 1092 3296 certaverim,

131 3351 287 3418 accurate
321 3349 423 3422 uelint
454 3353 649 3448 ponderare.
710 3350 781 3424 Vix
815 3350 902 3425 euim
939 3350 967 3423 is
994 3373 1092 3425 arro·
