2436 4116
246 119 310 181 ιιι
393 108 397 117 ’
483 168 484 174 ι
548 97 881 177 commuuranrus

240 304 299 348 nou
321 279 393 346 satis
415 289 479 365 apta
503 301 565 345 uox
584 290 642 357 est,
665 280 767 366 quippe
789 280 821 344 in
843 302 899 365 qua
920 281 1007 347 simul
1026 282 1099 349 insit
1117 306 1195 369 poc·

238 405 300 447 nno
322 381 508 465 significatio.

300 482 337 546 V.
356 483 428 544 225.
468 481 837 559 τοῖς-πεποιθέναι,
858 482 888 545 h.
907 504 934 547 e.
954 494 990 547 ot
1009 505 1071 548 mon
1081 486 1193 567 fidant

239 587 355 648 oma'et‘s.
381 580 528 666 -Tyranni
550 581 625 644 enim
649 602 737 664 quum
760 603 874 666 semper
894 583 930 648 de
950 605 1004 649 sua
1024 584 1120 650 salute
1138 607 1191 650 ve-

237 695 377 760 reantur,
400 682 501 753 morbo
523 681 606 764 quasi
627 680 772 757 laborant,
796 691 828 744 ut
850 682 946 746 insani
968 683 1115 756 homines,
1139 706 1189 750 ne·

237 784 345 870 quein
367 803 509 865 quoquam
531 780 579 844 vel
600 780 777 843 amicissimo
804 802 886 845 suam
910 783 1033 847 salutem
1057 794 1119 848 tute
1139 806 1188 868 po·

187 922 193 931 κ
236 886 322 948 sitam
348 881 537 946 arbitrantur.
588 878 779 964 intelligimus
807 893 903 945 autem
931 903 971 947 ex
1001 883 1048 947 his
1074 885 1185 962 verbis,

235 982 438 1050 Prometheum
462 979 568 1057 adore
591 1001 648 1043 non
670 993 729 1044 tam
751 992 902 1065 propterea
916 983 1085 1048 ‚cruciatum
1107 1005 1184 1062 osse,

235 1085 312 1169 quod
333 1079 498 1146 hominibus
521 1079 628 1144 eximia
654 1080 772 1143 deornm
795 1102 917 1145 munera
940 1083 1071 1160 dederit,
1101 1107 1183 1170 quam

234 1184 310 1267 quod
335 1182 447 1265 legibus
477 1189 563 1262 atque
593 1178 713 1262 imperio
738 1178 821 1244 doris
846 1202 907 1245 non
928 1184 1180 1266 obtemperaverit.

233 1283 325 1363 Quam
347 1278 495 1343 audaciam
518 1298 605 1360 quum
622 1298 678 1342 rex
696 1280 814 1343 deorum
835 1283 1000 1359 sensisset,
1022 1282 1054 1345 in
1068 1283 1181 1348 iracun-

125 1395 131 1401 '
158 1409 160 1412 ·
233 1383 309 1446 diam
329 1379 431 1444 incidit
451 1388 481 1441 et
502 1376 687 1440 diffidentiam
695 1402 705 1452 3
733 1399 799 1441 nam
822 1401 911 1463 quum
932 1381 1123 1448 Prometheus
1144 1385 1180 1449 le·

232 1481 317 1566 gibus
339 1500 398 1542 non
419 1476 618 1562 percrebiide
640 1475 806 1558 suspicatus
828 1490 886 1555 est,
907 1501 973 1543 eum
995 1503 1083 1564 posse
1101 1478 1179 1548 facile

229 1577 415 1665 permoveri,
446 1586 478 1639 ut
504 1572 589 1639 novis
618 1576 706 1637 rebus
731 1576 864 1640 studeret
887 1576 1027 1664 durisque
1048 1603 1178 1668 regnum,

146 1728 149 1735 ,
231 1677 373 1757 seditione
395 1675 557 1749 concitata,
578 1672 765 1736 disturbaret.

293 1776 329 1840 V.
347 1775 420 1840 230.
450 1772 772 1853 διοοιόιχίζεοθοι
786 1782 831 1836 est
849 1775 882 1836 ιἰι
896 1775 1032 1838 ordinem
1047 1781 1176 1864 aliquem

229 1895 421 1960 componere,
438 1874 591 1936 ordinare.
634 1873 851 1952 Διεοιοιχίζειο·
879 1874 1018 1937 διετίθετο
1035 1877 1067 1938 ἐν
1081 1881 1176 1966 στοίχῳ

228 1977 279 2041 καὶ
299 1971 391 2052 τάξει·
418 1970 511 2061 διῄρει
533 1967 591 2036 o’cmd
611 1976 669 2034 τῶν
690 1971 732 2045 εἷς
750 1967 819 2045 τοὺς
836 1969 943 2051 σηκοὺς
961 1972 1132 2058 εἰςοιγόνιοιν
1147 1975 1177 2040 ad

228 2079 364 2158 ποίμνια,
392 2074 443 2137 καὶ
471 2067 676 2155 διακρινόντων
696 2070 798 2150 ἕντῆς
817 2079 910 2152 νομῆς
928 2070 1036 2162 §noiomo
1055 2073 1093 2139 τὰ
1112 2079 1174 2140 dom.

229 2176 358 2262 Hesyoh.
383 2172 518 2255 διεμέριζε
537 2168 611 2235 κατὰ
628 2169 716 2248 τάξιν.
748 2170 846 2235 Schoi-
872 2172 905 2234 B.

288 2274 327 2340 V.
348 2273 544 2339 231-234.
591 2271 686 2347 „Cur
704 2271 832 2336 hnmano
853 2271 954 2356 generi
974 2272 1088 2357 Jupiter
1107 2274 1174 2338 adeo

227 2374 362 2438 infensus
384 2371 490 2446 fuerit,
517 2391 650 2434 caussam
673 2372 779 2434 nuliam
802 2372 992 2436 Prometheus
1014 2374 1115 2450 affert3
1136 2373 1175 2437 id·

227 2493 285 2556 que
306 2471 428 2535 considio
451 2470 493 2533 sic
510 2469 675 2534 instituisse
693 2471 809 2534 videtur
825 2471 1000 2558 Aeschylus,
1023 2473 1174 2537 utiterum

121 2614 123 2618 .
226 2580 376 2635 constaret
394 2569 496 2633 Jovem
519 2566 615 2634 omnia
637 2571 673 2634 ad
694 2570 844 2634 arbitrium
868 2592 952 2635 suum
968 2570 1101 2656 exigere,
1123 2594 1174 2638 neo

185 2746 191 2755 ‚
225 2671 311 2736 aliam
337 2669 415 2754 juris
436 2669 590 2754 legumque
611 2691 745 2735 caussam
768 2670 824 2732 nisi
844 2671 1023 2735 voluntatem
1047 2693 1083 2736 ae
1103 2671 1174 2736 lubi·

224 2780 286 2836 tum
309 2791 393 2834 suum
420 2790 592 2854 agnoscere.
642 2771 675 2833 dn
698 2791 754 2854 quo
777 2780 884 2853 quanto
905 2768 1120 2836 violentiorem·
1130 2781 1174 2858 ty·

223 2891 349 2935 rannnm
367 2869 473 2933 dorem
493 2889 559 2934 esse
575 2870 785 2953 spectatoribus
802 2870 984 2945 ostendebat,
1008 2880 1093 2935 tanto
1110 2892 1174 2957 pro·

223 2969 288 3055 pius
321 2991 421 3035 eornm
456 2969 569 3032 animos
597 2968 760 3033 Promethei
782 2971 909 3033 'fortuna
937 2969 1016 3054 tangi
1044 2971 1171 3044 volebat,

223 3068 303 3134 unici
334 3068 470 3132 nimirum
501 3067 603 3132 salutis
634 3068 781 3132 hominum
809 3068 938 3133 auctoris
966 3079 996 3132 et
1024 3069 1170 3154 praesidii.

223 3169 379 3236 Caeterum
398 3169 444 3233 hic
465 3168 570 3232 iterum
588 3167 751 3256 Aeschylus
771 3172 807 3233 ab
824 3168 950 3232 Hesiodo
968 3168 1102 3244 discedit,
1126 3167 1172 3254 qui

222 3268 325 3337 iovem
345 3269 511 3334 hominibus
533 3263 649 3354 propter
666 3272 793 3334 fraudem
814 3268 976 3334 Promethei
992 3269 1022 3331 in
1040 3269 1172 3334 earnium

223 3367 425 3435 distributione
454 3370 508 3435 sibi
535 3370 643 3436 iliatam
670 3371 776 3436 iratum
802 3371 913 3445 fuisse,
938 3369 1033 3454 iisque
1053 3368 1172 3454 perditis
