2436 4116
221 312 288 377 roo
460 275 463 279 ’
532 311 855 372 conmonuemus

217 478 274 544 loci
295 489 358 542 est:
382 498 439 561 ego
460 480 605 540 mortales
622 479 818 540 miseratione
838 478 949 562 dignos
958 480 1114 560 judicavi,
1137 488 1168 545 ut

217 602 275 664 ego
295 582 359 662 ipse
392 597 455 639 non
484 580 597 660 dignus
616 580 783 657 judicatus
811 598 896 656 eum,
928 583 983 662 qui
1000 584 1168 644 moenium·

216 687 302 747 dium
322 679 528 742 nanciscerer.
1059 744 1062 755 Ι

277 779 315 845 V·
334 776 408 843 240.
451 781 604 855 νηλεῶς,
628 778 942 852 „immisericordium
974 777 1083 842 Anoor.
1100 778 1164 841 LX.
1186 846 1189 851 ,

214 885 323 963 νηλεῶς
333 871 458 959 φεύγεις.
486 875 570 939 Heme
583 878 705 939 sormam
722 896 774 960 pro
792 877 909 960 vulgata
927 872 1056 957 ἀνηλεῶς
1073 877 1167 941 Elms·

213 981 273 1065 lejo
300 978 475 1051 obsecutus,
505 975 580 1038 dedi.
630 975 819 1040 Meminerint
846 985 944 1038 tamen
970 974 1083 1040 tirones
1104 998 1166 1040 eam

215 1100 256 1144 ex
276 1074 391 1158 ἆνηλῶς
409 1095 461 1160 por
481 1074 653 1157 aphaeresin
674 1073 813 1150 formari,
843 1095 902 1137 non
924 1084 1021 1138 autem
1043 1096 1083 1139 ex
1104 1096 1166 1159 par·

214 1177 304 1241 ticula
324 1171 467 1259 privativa
489 1170 544 1255 νή,
570 1195 664 1258 qnae,
693 1174 718 1237 si
741 1173 807 1257 quid
831 1193 878 1237 me
899 1173 1016 1250 audies,
1037 1195 1054 1237 a
1077 1174 1166 1238 Grae·

216 1277 262 1341 cia
283 1272 475 1358 abjudicanda
496 1285 559 1337 est:
591 1293 666 1356 qnae
687 1273 784 1355 opinio
808 1271 949 1356 exemplis
971 1275 1166 1338 confirmanda
1205 1295 1207 1300 ·

215 1385 272 1438 est.
316 1370 546 1447 Valckenarius,
573 1371 620 1435 vir
640 1372 873 1448 eruditissimus,
895 1373 981 1437 aliter
1002 1372 1163 1449 sentiebat3

214 1471 392 1558 putabatque
416 1476 525 1551 νηλεῶς
552 1491 569 1532 a
588 1465 625 1550 νή
647 1479 677 1532 rt
698 1470 775 1546 ἕλεος
797 1473 950 1556 componi,
979 1482 1012 1536 ut
1032 1479 1165 1554 νήστιςο

214 1570 251 1654 νὴ
272 1580 302 1635 et
321 1569 404 1643 ἔστις.
447 1566 527 1647 Quod
544 1568 571 1631 si
592 1588 694 1631 rerum
716 1569 766 1642 sit,
789 1571 857 1653 quid
872 1572 921 1635 liet
938 1568 1070 1652 ἄνηστις,
1092 1593 1164 1655 quae

213 1693 277 1735 vox
303 1666 408 1733 alicubi
434 1669 509 1752 opud
537 1666 688 1730 Cratinum
710 1668 854 1732 Athenaei
882 1671 983 1733 eodem
1005 1691 1096 1734 sensu
1117 1694 1164 1735 oc-

214 1768 329 1835 currit?
370 1766 505 1846 Quinimo
524 1763 658 1849 νήγρετος
676 1774 706 1828 ολ
725 1762 887 1848 νἰνήγρετος,
906 1764 1030 1848 νήνεμος
1050 1782 1080 1833 et
1099 1766 1165 1852 οἰνή·

213 1893 315 1949 νεμος,
335 1864 498 1947 νηνονσιὲοι
519 1875 550 1929 cl
569 1861 769 1945 ἆνηιιονοτὲω,
790 1861 929 1945 νήκεστον
951 1866 1085 1946 (Hesiud.
1111 1871 1162 1954 Op.

212 1989 244 2035 v.
261 1965 351 2044 283.)
371 1976 401 2029 et
421 1961 577 2045 ἀνήκεστον
598 1963 761 2047 promiscue
781 1964 970 2028 adhibentur:
991 1964 1061 2028 item
1086 1975 1166 2048 νηλε-

212 2063 267 2152 γής
293 2086 345 2151 pro
376 2060 530 2148 νἰναλεγής,
558 2060 708 2145 νηπενθής
736 2084 788 2147 pro
814 2059 997 2144 ιἰννντενθής,
1025 2064 1166 2148 νημερτής

213 2188 266 2252 pro
296 2160 463 2246 ἆναμνρτής
489 2161 651 2249 (Hesych.)
678 2164 791 2246 dempto
813 2185 852 2239 o,
881 2173 911 2226 et
930 2185 951 2225 o
971 2163 1001 2226 in
1022 2189 1042 2244 η
1063 2163 1165 2230 Ιοοίοο

212 2276 336 2330 mutulo.
381 2259 521 2337 ἆνάλιττος
542 2262 648 2345 legitur
666 2265 739 2347 apud
759 2261 946 2325 Theocritum
968 2263 1018 2339 lV‚
1037 2267 1088 2327 56.
1114 2288 1164 2349 pro

213 2386 271 2448 quo
300 2361 420 2445 νήλιπος
447 2361 541 2445 Apoll.
564 2360 620 2425 Rh.
644 2361 695 2437 ΙΙΙ,
717 2363 790 2427 646.
822 2362 968 2447 Lycophr.
992 2363 1064 2427 635.
1090 2366 1165 2447 quod

212 2457 411 2548 reponendum
437 2471 484 2524 est
508 2461 539 2524 in
569 2462 657 2546 Soph.
686 2460 757 2525 oet.
783 2460 847 2524 Col.
871 2482 902 2524 v.
923 2463 994 2526 349.
1025 2483 1077 2546 pro
1100 2463 1163 2526 vul-

212 2574 280 2647 gato
306 2565 453 2643 νηλίντονς.
496 2559 618 2624 Ducitur
644 2560 722 2623 enim
743 2562 779 2623 ab
799 2557 888 2642 ήλιψ,
917 2544 1062 2642 tuluppe.
1105 2563 1164 2625 Eu·

213 2662 303 2726 stoth.
320 2662 355 2722 ud
371 2660 450 2722 ltiao.
465 2661 508 2735 X,
523 2681 551 2743 p.
569 2660 642 2732 787,
657 2661 709 2722 52.
727 2659 812 2722 aliter
831 2661 1023 2743 leopotopeif‘
1048 2661 1161 2723 Baonr.

275 2758 311 2826 V·
325 2761 398 2824 241.
427 2756 691 2841 ἕῤῥήθμισμνι.
718 2760 910 2840 ῥυθμίζειν
928 2759 1040 2844 proprie
1059 2759 1164 2824 dicitur

211 2861 250 2922 de
272 2859 382 2932 uerbis,
403 2882 484 2941 quoe
502 2864 548 2922 ita
568 2862 762 2931 ordinentur,
785 2867 821 2920 ut
842 2869 946 2920 certos
962 2861 1094 2941 quidum
1113 2881 1164 2922 so·

209 2980 271 3022 noe
292 2961 423 3021 eeistut:
446 2962 479 3020 lm
499 2980 643 3021 numeros
664 2960 816 3040 redigere.
860 2956 985 3020 Omnino
1006 2958 1163 3043 igiturest

210 3069 292 3124 oerto
311 3059 433 3141 quodam
454 3060 539 3120 morlo
558 3057 722 3140 disponere,
745 3055 925 3119 constituere
942 3058 1058 3141 aliquid.
1091 3058 1163 3121 Pro·

209 3160 343 3224 metheus
364 3179 451 3241 quum
473 3158 509 3219 de
528 3178 561 3220 se
580 3155 649 3219 dicit
670 3151 881 3237 ἕρῤύθμισμντ,
904 3157 1048 3241 signifieat
1062 3179 1096 3220 se
1117 3159 1163 3220 ol·

210 3261 342 3344 ligatum
363 3278 442 3334 esse,
465 3267 501 3320 ol
522 3261 554 3319 io
575 3266 658 3318 certo
678 3257 811 3338 quodum
831 3265 917 3317 elatu
937 3268 1073 3321 maneat.
1118 3256 1161 3320 lta

209 3362 353 3424 distentus
375 3378 454 3433 sum,
476 3356 582 3441 inquit,
604 3364 637 3418 ut
653 3353 721 3418 lori
742 3355 983 3419 contumeliosum
1004 3357 1053 3419 sit.
1098 3355 1160 3420 Nos

209 3461 347 3525 dicimus:
384 3460 440 3520 loli
462 3460 513 3521 hin
533 3479 567 3520 so
586 3457 792 3540 eugeriolztet,
820 3460 852 3518 in
872 3458 996 3517 aolelren
1018 3455 1163 3518 Ζιιιλοιιιὶ

208 3569 339 3621 cersetot
358 3558 491 3622 mordeo.
536 3555 578 3620 lta
599 3557 719 3620 Xerxes
740 3556 847 3619 Aesoh.
872 3555 952 3621 Pers.
974 3577 1004 3619 v.
1022 3557 1095 3620 746.
1118 3555 1160 3619 di·
