2436 4116
294 922 784 1005 COMMENTARIUS.

129 1284 166 1352 V·
192 1287 220 1352 l·
269 1273 397 1383 Κράτος
416 1309 447 1365 et
466 1299 538 1378 Βία,
562 1295 698 1384 portori
720 1297 872 1377 serviunt,
894 1297 1018 1386 Olympo
1141 1358 1144 1363 .

59 1392 251 1469 'deeeendirse
277 1403 396 1488 putendi
420 1416 540 1470 suntet
561 1405 617 1469 hue
637 1403 761 1492 duxisse
780 1415 895 1492 coptum
917 1415 947 1470 et
968 1405 1019 1469 do·

63 1501 167 1596 mitum
189 1503 412 1578 Prometheum,
441 1505 525 1589 eujus
547 1504 644 1576 vireo,
673 1525 845 1588 quemquem
868 1505 940 1570 deur
959 1514 1017 1578 est,

64 1611 163 1665 temen
186 1623 246 1666 uou
270 1613 370 1668 tantae
391 1616 474 1680 euut,
497 1613 530 1668 ut
549 1602 616 1666 tovi
638 1604 731 1688 possit
753 1603 907 1680 resistere,
928 1622 1020 1688 peuer

64 1720 151 1786 quem
167 1700 263 1766 omnis
281 1712 411 1788 potestas
430 1713 476 1768 est
492 1713 521 1766 et
541 1725 687 1777 summum
703 1703 867 1788 imperium.
911 1703 1021 1768 Robur

64 1801 143 1866 euim
166 1812 196 1866 et
221 1803 274 1865 Vr'r
294 1823 437 1889 personae
459 1803 618 1888 symbolice
637 1802 842 1887 intelligendae
863 1813 944 1876 sunt,
968 1801 1021 1867 uni

65 1899 132 1964 tovi
153 1900 237 1984 qmsi
257 1899 373 1986 proprie
393 1902 553 1985 subjectae.
596 1898 800 1986 τηλουρὸν·
820 1899 922 1986 πόρρω
940 1897 1021 1983 upu-

66 1999 200 2084 ρισριὲνον
220 1999 350 2087 Hesyuh.

130 2099 166 2167 V.
187 2103 219 2166 2.
263 2095 347 2181 οἶμος
361 2097 485 2185 ¹proprie
507 2102 591 2164 or'om
609 2098 773 2184 significet,
793 2096 897 2162 deinde
916 2108 950 2162 ut
969 2092 1023 2160 τό·
1151 2182 1153 2186 ,
1187 2128 1190 2133 ·

69 2224 120 2286 ρος
140 2200 187 2284 (v.
208 2198 295 2275 418.)
316 2207 363 2262 est
382 2208 518 2275 tructus,
539 2198 643 2284 regio,
673 2199 787 2276 solum,
817 2197 866 2263 oti
886 2197 930 2261 ire
952 2216 1022 2281 pos·

69 2310 157 2377 suut,
182 2294 216 2362 τὸ
243 2297 341 2362 πέδον.
390 2296 471 2362 Haeo
498 2297 745 2384 Scythioa‘regio
773 2306 898 2363 voretur
916 2292 1024 2378 ἄβατος

69 2400 182 2484 ἐρημία,
205 2402 276 2464 uor'u
295 2397 448 2472 solitudor
468 2393 663 2482 τΙίἱᾶβροτον
682 2399 794 2484 legunt,
818 2397 895 2481 quod
914 2395 1024 2481 epithe-

69 2511 122 2565 ton
143 2496 344 2583 ἀπάνθρωπος
361 2498 571 2583 iuterpretutur
590 2498 775 2586 Hesychius,
797 2506 827 2562 et
848 2497 978 2582 proferto
998 2494 1026 2558 ui

71 2602 201 2666 oodioum
230 2598 405 2663 auctoritate
431 2590 675 2676 confirmaretur,
705 2599 777 2663 hoeo
803 2597 891 2663 leutio
912 2595 1026 2682 praefo-

71 2701 163 2766 reuda
182 2708 272 2764 esset.
310 2697 445 2784 Sophorl.
465 2697 588 2762 Philort.
606 2719 638 2762 v.
659 2699 689 2763 1.
707 2701 738 2763 2.
759 2694 832 2780 ἀκτὴ
851 2695 904 2778 μὲν
917 2693 972 2779 ἥδε
984 2727 1026 2746 -·

72 2805 187 2886 βροτοῖς
206 2797 354 2874 ἄστεαττος
378 2794 446 2862 οὐδ’
478 2795 641 2878 οἰκουμένη.
684 2797 840 2862 Caeterum
861 2798 1027 2890 ubieunque

72 2912 191 2965 veteres
217 2900 253 2963 de
282 2898 400 2987 Scythis
428 2899 606 2983 loquuntur,
633 2916 735 2960 eorum
763 2896 845 2983 regio
865 2906 956 2962 varta
977 2916 1027 2982 op·

73 3000 207 3084 pellatur.

69 3126 73 3131 ·
136 3094 173 3157 V.
197 3095 228 3157 3.
272 3096 385 3175 pitter,
418 3117 533 3173 „eume
560 3116 638 3160 esse.
690 3094 882 3169 semetrius,
914 3095 1029 3160 ourtori

77 3192 272 3280 Etymologiui
293 3196 335 3257 Μ.
359 3197 530 3272 obsecutus,
551 3195 644 3276 μέλειν
666 3216 779 3259 ourure
797 3195 911 3270 reddit3
937 3205 968 3257 et
990 3193 1030 3257 si-

77 3296 176 3361 mitem
205 3291 346 3377 syntaxim
375 3313 416 3356 ex
441 3295 578 3378 Euripide
604 3295 709 3359 Boouh.
731 3296 805 3360 450.
828 3305 918 3358 etex
939 3291 1028 3356 Hom.

78 3395 111 3459 lt
133 3394 171 3470 V,
191 3392 264 3456 492.
293 3391 375 3458 uitet.
424 3392 487 3456 seu
505 3394 537 3456 in
557 3403 681 3477 utroque
701 3393 766 3458 loeo
788 3391 962 3457 vertendum
984 3400 1031 3454 est

72 3515 176 3561 ‚rurae
195 3512 272 3557 erre.
312 3491 353 3556 -lu
384 3491 479 3556 medio
501 3501 614 3556 tuntum
636 3515 709 3559 vore
728 3492 866 3575 μέλεσθαι
887 3489 1032 3576 significet
