2436 4116
273 352 317 414 IN
338 351 542 413 AESGHYLI
563 350 773 412 PROMETH.
797 346 933 411 VINCT.
1009 347 1077 409 253

114 521 275 584 undarum
296 521 412 601 impetu
434 518 608 597 confandat
632 518 724 599 ponti
733 518 856 593 fluctus
877 522 908 575 et
926 521 1081 574 astrorum

116 623 295 683 coelestium
317 627 457 692 tractus,
488 616 577 679 vertit
599 614 794 678 Biomsseldns.
841 612 1083 675 Commemoraut
1158 614 1162 621 '

116 717 200 799 Virg.
225 717 301 780 Aen.
322 716 345 788 Ι,
367 716 437 778 133.
464 713 534 789 Xll,
555 714 628 776 204.
673 709 845 788 διόδους,
867 708 919 785 τὰς
934 707 1083 785 διεξόδους

118 816 217 879 Schol.
243 816 277 878 B.
299 817 420 896 spotia,
441 814 623 888 interuallo,
645 819 775 874 troctas.

80 924 83 929 '
177 915 215 979 V.
242 915 333 978 1054.
379 908 748 995 ἀνάγκης-δίναις,
777 907 884 984 „Scite
906 914 1086 996 comparavit

118 1014 197 1078 hunc
227 1012 325 1076 locum
359 1032 424 1074 cum
456 1009 609 1072 Pindarico
639 1009 826 1073 doctissimus
853 1009 1085 1092 fragmentorum

120 1115 186 1196 ejus
216 1112 313 1175 editor
339 1108 536 1173 Schneiderus
569 1115 608 1192 (p.
635 1108 687 1171 72.
721 1128 751 1169 n.
773 1105 878 1189 Lttl.).
928 1107 956 1171 Is
986 1120 1086 1174 exstat

122 1211 197 1294 apud
227 1209 375 1273 Plutarch.
406 1209 499 1271 Cous.
531 1208 567 1269 ad
595 1205 731 1290 Apollon.
762 1205 899 1289 p.104.=
936 1205 1009 1291 ὅπερ
1030 1205 1086 1273 οὔκ

121 1311 181 1373 ἐστι
202 1315 307 1392 φυγεῖν
327 1305 434 1391 βροτὸν
455 1301 523 1371 odd'
546 1299 691 1379 ολπαλύξαι
711 1301 892 1387 τοπαράπαν,
915 1303 987 1369 ἀλλὰ
1013 1314 1086 1391 Ταρ-

120 1405 210 1490 τάρου
230 1407 369 1486 πυθμένα
384 1406 487 1482 πιέζεις
509 1401 644 1482 οἰφανοῦς
664 1400 860 1486 σφυρηλάτοις
878 1401 1026 1493 ἀνάγκαις,
1046 1405 1087 1483 ὥς

123 1523 195 1587 φησι
217 1505 397 1587 Πίνδαρος.“
430 1503 573 1566 Senonuz.

185 1603 223 1667 V.
249 1602 500 1667 1058-1059.
550 1602 584 1663 τί
612 1595 681 1683 γὰρ
711 1599 876 1663 ἐλλείπει
902 1598 950 1682 μὴ
975 1628 1087 1686 παρα-

123 1704 270 1779 παίειν,
301 1702 333 1764 εἰ
360 1696 433 1763 noid'
465 1700 504 1764 ἐν
532 1697 623 1786 εὐχῇ
651 1718 694 1762 sc.
719 1699 812 1776 ἐστίν,
843 1721 897 1783 ego
925 1703 1088 1766 secundum

123 1799 236 1876 libros,
265 1799 322 1862 nisi
344 1799 536 1862 vehementer
556 1799 660 1874 failor,
683 1809 765 1861 recte
788 1797 952 1862 emendavi.
998 1800 1090 1864 Pleri-

126 1920 182 1982 que
204 1897 271 1961 libri
292 1897 400 1961 habent
423 1898 449 1959 εἰ
468 1894 532 1959 acid'
558 1895 679 1978 εὐτυχῆ,
708 1907 834 1979 quatuor
855 1899 882 1960 εἰ
901 1896 932 1960 δὲ
953 1895 1018 1962 τάδ’
1044 1897 1090 1964 εὖ·

125 2005 207 2084 ιυχῇ,
230 2006 357 2079 quatuor
378 1994 427 2058 alii
450 1991 510 2059 εἶτα
531 1994 559 2058 d'
585 1993 699 2076 εὐτυχῆ,
722 2015 796 2077 quae
814 1994 955 2060 lectiones
977 1998 1091 2063 nullom

126 2117 248 2160 sensum
279 2095 438 2179 praebent,
471 2095 522 2158 sed
552 2093 629 2159 dacili
651 2093 813 2157 mutatione
835 2106 986 2159 correctae
1007 2109 1091 2181 optu-

127 2215 220 2258 mum.
264 2191 341 2256 Nam
369 2193 425 2256 hoc
454 2193 524 2257 dicit
544 2192 729 2257 Mercurius:
766 2194 842 2276 quid
867 2192 1090 2279 (Prometheus)

128 2294 215 2354 adest
244 2313 265 2353 α
287 2294 414 2370 delirio,
442 2295 472 2354 ai
491 2295 567 2354 λαοο
590 2295 621 2354 ei
639 2301 713 2354 sunt
734 2294 766 2353 in
787 2294 886 2353 notia?
929 2292 973 2355 Ea
995 2295 1089 2372 enim,

129 2410 204 2473 quae
226 2390 392 2454 Mercurios
419 2390 573 2453 audiverat
593 2391 662 2471 (ἔπη
675 2386 885 2472 -ἆιιοῦσαι),
914 2389 1092 2458 videbantur

129 2509 197 2552 csse
214 2487 311 2551 insani
330 2509 425 2571 neque
441 2490 549 2552 montis
566 2488 707 2574 compotis
719 2499 800 2552 vota.
825 2487 982 2570 Optaverat
993 2501 1093 2557 autem

130 2587 325 2651 Prometheus
353 2609 382 2650 v.
403 2586 637 2652 rota-1055.
662 2585 877 2651 atrocissimam
909 2586 964 2649 sibi
987 2599 1017 2652 et
1038 2572 1099 2655 mi·'·

130 2685 285 2750 serrimam
316 2686 475 2748 fortunam.
536 2685 668 2749 Aliorum
702 2688 890 2770 conjecturae
918 2685 973 2750 vix
1000 2710 1094 2774 acque

130 2795 214 2870 aptae
237 2793 308 2845 sunt
329 2782 397 2846 huic
417 2784 483 2847 loco
505 2806 599 2868 neque
622 2784 776 2847 difficulter
797 2784 980 2849 refutandae.

190 2881 223 2947 V.
249 2882 339 2967 1005.
385 2882 579 2948 Schuetzius=
619 2882 679 2959 „lu
713 2892 794 2946 tanto
825 2881 945 2966 periculi
975 2883 1096 2951 Prome·

131 2982 200 3045 theo
224 2983 286 3065 jam
310 2984 406 3064 parati
433 2994 547 3045 terrore
568 2981 701 3045 suaviter
724 2994 808 3065 pocta
828 2983 957 3046 animum
979 2994 1095 3066 specta·

132 3081 208 3144 toris
234 3092 350 3143 recreat
378 3081 554 3145 admirabilis
576 3079 775 3165 Nympharum
797 3079 829 3142 in
849 3102 916 3144 eum
937 3078 1003 3144 [idei
1022 3081 1096 3146 ima·

134 3179 221 3264 gine,
250 3200 324 3263 quae
351 3200 411 3242 nna
437 3201 502 3242 com
526 3179 620 3242 amico
644 3176 758 3260 quidvis
788 3177 884 3262 potins
909 3179 985 3262 pati,
1008 3202 1096 3264 quam

133 3299 200 3342 eum
233 3278 264 3341 in
300 3299 414 3341 summo
445 3299 546 3341 rernm
576 3277 744 3341 discrimine
772 3279 908 3341 deserere
940 3279 1094 3342 madunt.“

137 3376 225 3441 Conf.
255 3377 354 3440 Praei.
386 3379 421 3441 ad
450 3378 512 3461 huj.
544 3376 634 3460 Trag.
663 3375 763 3438 Germ.
808 3376 1095 3461 interpretationem,

196 3573 233 3638 V.
259 3573 353 3639 1067.
397 3575 611 3660 παρέσυρας
632 3573 731 3651 ἔπος,
765 3572 926 3638 adduxisti
947 3595 972 3639 s.
998 3580 1098 3639 attru-
