2436 4116
186 88 253 178 ιισ
501 111 826 175 ιοιιιιιιιιτ.ιιιιιισ

174 277 354 363 'colligendis
381 287 411 343 et
439 277 659 341 considerandis
681 279 813 342 nascitur
832 276 1134 362 experientiu‚;quue

182 379 220 444 iu.
236 389 323 444 ortes·
337 387 367 441 et
387 376 488 441 literas
508 376 666 441 maximum
687 377 747 443 vim
770 388 915 452 exercet,
931 387 1020 463 utque
1041 377 1135 442 cuuis

183 477 326 546 doctriua.
369 475 439 539 Siue
460 475 600 539 memoria
621 477 718 541 omnia
741 488 810 540 suut
831 498 924 551 vana,
956 476 1061 553 irrito,
1088 496 1134 541 co·

140 629 143 645 .
183 580 269 643 ‹tuca-
314 578 388 640 Eam
407 585 503 638 autem
521 577 556 638 uh
573 567 718 663 Aeschylo
736 576 809 641 tuuti
828 587 1034 654 aestumatum,
1058 577 1135 662 ejus·

183 700 240 763 quc
261 676 351 741 verbu
370 673 414 738 sic
433 674 621 758 intelligenda
641 697 727 752 csse,
756 677 891 757 credibitc
913 678 946 740 tit
966 698 1022 753 co,
1048 678 1133 760 quod,

182 789 217 842 ut
237 777 395 842 secuudum
417 774 616 860 Pythagoreos
639 775 856 839 Arithmcticam
880 776 977 857 ἔξοχον
996 772 1134 858 σοφισμά-

182 903 241 945 των
267 876 408 962 appellat,
437 875 468 937 in
490 875 545 938 hoc
571 895 684 958 quoque
707 874 907 960 Pythagoreos
927 862 1048 940 secutus
1070 895 1133 940 esse

181 979 315 1057 vitietur,
345 996 419 1059 quos
448 985 542 1038 ortem
571 973 730 1057 memoriae
758 974 984 1060 diligentissime·
1009 974 1134 1040 eotuiue

183 1087 302 1164 apparet
332 1096 372 1139 ex
399 1074 552 1151 Jumblich.
576 1074 636 1137 Vit.
666 1073 788 1159 Pythag.
822 1098 848 1148 c,
872 1076 947 1138 29.=
977 1074 1027 1138 ἐπὶ
1051 1072 1134 1138 πλέον

182 1178 336 1259 ἐπειρῶντο
366 1172 570 1259 (Pythagorei)
596 1181 633 1261 τῇ
659 1170 756 1261 μνήμη
783 1171 948 1258 γυμνάζειν·
975 1170 1133 1258 οὐδὲνγὰρ

182 1281 278 1360 μεῖζον
303 1271 377 1358 πρὸς
405 1270 563 1355 ἐπιστήμην
587 1272 637 1336 cui
665 1273 812 1357 ἐμπειρίαν
839 1274 889 1337 καὶ
914 1269 1060 1356 φρόνησιν
1083 1279 1133 1339 tori

181 1373 331 1453 δύνασθαι
348 1371 548 1457 μνημονεύειν.
583 1372 724 1436 Homines
742 1383 839 1436 auteur
859 1394 876 1437 a
894 1373 947 1438 deo
961 1373 1133 1447 Prometheo

182 1475 323 1558 memorio
345 1474 447 1537 donari
467 1473 607 1558 potuisse,
632 1492 691 1534 uou
709 1483 755 1535 est
768 1493 822 1544 cur
839 1472 1015 1536 dubitemus.
1059 1472 1134 1553 Quu-

181 1585 299 1660 propter
320 1573 390 1635 mihi
412 1595 470 1635 nou
492 1594 562 1635 vera
584 1572 701 1634 videtur
722 1571 935 1636 Hemsterhusii
951 1573 1132 1657 conjecture,

182 1696 239 1759 qua
261 1671 370 1736 omisso
388 1667 423 1734 θ’
448 1669 536 1734 scribi
554 1671 663 1754 jussit:
699 1666 813 1753 μνήμης
835 1668 970 1736 ἁπάντων
991 1669 1134 1755 μουσομή-

148 1830 152 1837 .
180 1771 243 1858 τορ’
271 1768 398 1857 ἐργάτιν,
425 1782 458 1835 ut
483 1767 596 1855 ἐργάτιν
622 1773 768 1837 referatur
788 1775 824 1835 ad
844 1771 997 1847 συνθέσεις
1017 1795 1068 1859 per
1087 1795 1133 1857 op-

180 1874 375 1962 positionem,
405 1893 479 1956 quae
494 1861 672 1935 sermoueur
695 1892 754 1934 uou
776 1872 848 1935 satis
871 1872 1047 1936 couciuuum
1070 1875 1133 1940 red.-

182 1975 233 2040 cit.
280 1973 447 2059 speciosior
468 1970 581 2054 quidem
604 1983 634 2035 et
655 1971 767 2034 facilior
789 1982 834 2034 est
853 1971 919 2047 illu,
950 1993 1037 2056 quum
1060 1974 1132 2038 Her·

179 2096 307 2154 manuus
328 2072 467 2156 protulit,
490 2070 658 2147 συνθέσεις,
680 2067 795 2151 μνήμην
817 2066 967 2148 ἁπάντων,
989 2068 1133 2155 μουσομή-

179 2171 240 2258 τορ’
265 2170 405 2258 ἐργάνην,
433 2182 485 2246 ιιι,
517 2169 626 2234 omisso
648 2170 786 2252 porticula
807 2172 1015 2256 conjunctiva,
1036 2172 1132 2237 omniu

56 2272 59 2282 '
177 2294 319 2362 pcrsesc
340 2273 484 2354 dicautur.
528 2269 584 2333 Sed
605 2291 698 2353 ueque
720 2271 794 2334 huuc
812 2293 912 2335 verum
933 2282 1021 2355 ριιιο..
1059 2271 1132 2336 Nau

127 2419 139 2434 f
180 2375 246 2453 siue
266 2371 360 2436 titeris
379 2392 478 2433 rerum
500 2368 640 2433 memoria
662 2390 729 2433 esse
744 2371 838 2455 potuit
856 2380 886 2434 et
901 2371 957 2435 fuit
972 2371 1130 2457 Musaeque

166 2474 245 2551 ,siue
266 2470 359 2534 literis
383 2471 437 2532 coti
461 2479 603 2554 possunt,
636 2479 669 2533 ut
688 2470 777 2533 multu
798 2469 928 2534 carmine
950 2472 1028 2536 facte
1051 2482 1130 2547 suut,

179 2582 333 2655 autequam
354 2568 447 2632 literis
468 2569 727 2655 consiguabuutur.
778 2567 874 2649 Quare
894 2569 992 2650 potius
1013 2572 1062 2637 vis
1081 2570 1131 2636 iru-

74 2675 76 2679 ’
170 2672 227 2759 -jus
254 2670 310 2734 toci
337 2669 367 2732 iu
391 2690 425 2731 eo
447 2668 516 2732 mihi
538 2669 632 2753 posita
653 2690 720 2734 esse
740 2669 876 2747 videtur,
906 2680 939 2733 ut
960 2669 1130 2737 hominess

177 2768 352 2837 Prometheo
372 2779 402 2831 et
422 2769 523 2832 titcras
544 2769 692 2854 accepisse
713 2769 847 2834 dicautur
865 2781 896 2834 et
912 2772 1073 2853 memoriae
1089 2775 1129 2839 fa·

176 2864 327 2945 cultatem,
350 2890 404 2953 quo
427 2880 513 2932 anteo
535 2870 685 2943 carebant,
708 2885 738 2932 et
758 2869 823 2934 siue
845 2891 1014 2955 quareque
1032 2872 1129 2936 titeree

176 2968 255 3054 trogi
278 2981 349 3033 suut
367 2989 462 3052 neque
482 2968 597 3032 numeri
616 2990 710 3052 neque
726 2969 800 3033 uliae
815 2980 923 3035 artes...
950 2968 1020 3034 Nou
1035 2982 1129 3035 tumeo

177 3069 366 3155 negaverim,
394 3068 488 3132 literis
511 3068 680 3132 memoriam
704 3070 787 3133 valde
808 3069 962 3152 adjuvari3
984 3071 1060 3154 quod
1082 3091 1129 3133 ue·

176 3190 235 3252 quc
255 3189 289 3232 ea
310 3169 401 3231 tectio.
417 3177 525 3251 regat,
540 3189 632 3251 quum
653 3189 707 3253 ego
727 3169 844 3254 recepi,
873 3191 960 3253 quuu
981 3168 1130 3241 συνθέσεις

176 3268 267 3344 verba
281 3265 412 3349 ’μνήμην
424 3265 462 3331 θ’
481 3265 615 3332 ἁπάντων
636 3267 675 3334 ito
692 3280 862 3353 sequuntur,
885 3281 917 3334 ut
931 3269 1045 3335 arctius
1061 3287 1130 3335 cou-

174 3368 325 3451 jungenda
346 3367 417 3431 siut.
496 3388 498 3391 ·
