2436 4116
128 302 197 392 nm
439 329 766 394 enmmnnrlnms
835 345 871 406 χ
926 379 929 385 .

126 496 202 578 apud
223 492 310 576 Soph.
336 494 435 578 Anllg.
463 518 492 558 v.
513 495 722 562 806-8l6..
747 495 794 558 nbi
815 492 862 558 eccl
881 493 916 575 με’
936 520 979 569 τις
996 493 1092 576 ὕμνος

124 592 268 674 ὕμνησεν,
304 590 367 657 ἀλλ’
395 591 539 678 Ἀχέροντι
568 591 725 675 νυμφεύσω
754 593 904 679 aptissime
930 595 1033 657 linitur
1061 605 1092 657 el

125 692 313 775 gravissime.

189 792 225 855 V.
245 792 318 854 903.
339 812 403 875 sqq.
450 792 562 855 Sensus
584 801 647 854 est:
677 792 749 874 Ego
767 813 850 866 vcro,
872 795 947 875 quia
962 795 995 854 in
1016 812 1092 854 con·

117 888 214 975 jugia
243 895 370 974 aequali
396 893 518 955 nullum
548 895 684 972 positum
713 901 760 953 eet
784 893 980 975 perieulum,
1012 892 1094 954 nicil

125 1003 241 1074 melna,
263 1011 363 1072 neque
381 994 509 1054 deorum
525 993 734 1070 potentiorum
755 1012 841 1054 amor
859 992 949 1053 oculo
963 1011 1013 1051 mc
1032 992 1091 1052 ad-

124 1087 237 1172 spiciat
265 1090 457 1172 ineffugibili.
514 1088 659 1150 Dixeranl
690 1089 767 1150 enim
799 1087 1003 1164 Oceanitides,
1033 1088 1091 1151 sibi

61 1231 64 1244 ι
127 1212 186 1252 non
208 1187 302 1251 videri
330 1188 494 1268 expetenda
520 1207 587 1250 esse
609 1186 804 1269 potentiorum
827 1187 985 1271 conjugia3
1015 1188 1090 1272 ipsis

125 1289 233 1372 igilur,
266 1287 333 1369 quia
365 1287 414 1350 illa
442 1307 501 1348 non
531 1297 688 1370 expetant,
720 1285 791 1348 nihil
816 1285 976 1364 timendum
1004 1308 1088 1364 esse,

125 1398 302 1470 aptantque,
326 1397 358 1448 ul
379 1407 528 1468 nunqnam
550 1407 634 1448 amor
655 1384 791 1450 coelitum
814 1385 850 1448 ad
872 1407 906 1449 se
928 1398 1088 1452 converta-

124 1499 194 1562 tur,
223 1507 287 1549 cnm
321 1483 425 1566 quibus
456 1484 516 1548 vila
548 1506 607 1548 non
632 1504 737 1548 secura
763 1483 802 1547 sit
827 1495 981 1567 propterea
1009 1489 1087 1570 quod

125 1584 245 1650 dissidia
279 1594 456 1660 nascantur,
488 1605 528 1647 ex
563 1583 775 1666 quibus-solvi
802 1584 1001 1648 difficillimum
1033 1587 1085 1650 sil.

125 1683 321 1769 supplendum
340 1683 431 1765 igilur
449 1692 495 1745 esl
517 1683 594 1745 ἐστὶν
613 1680 791 1764 οᾱᾶφοβος.
835 1681 1007 1763 ἄφυκτον
1030 1683 1086 1766 ὅμ-

124 1810 170 1864 μα
187 1793 234 1846 esl
249 1781 450 1855 accusativus,
472 1782 602 1863 pendens
621 1779 840 1865 οπροςδράκοι,
858 1805 874 1846 ο
891 1804 974 1846 more
993 1783 1085 1847 Grae·

124 1903 245 1955 corum,
270 1879 319 1961 qui
344 1879 515 1962 saepissime
538 1879 638 1942 dicunt
659 1878 752 1961 μάχην
774 1879 934 1961 μάχεσθαι,
955 1880 1028 1946 ὁδὸν
1048 1885 1085 1946 lc'·

123 2004 173 2042 ναι
194 1989 223 2041 et
244 1977 360 2041 similia.
406 1977 470 2040 Vid.
495 1978 599 2041 Mallh.
619 1978 671 2041 Gr.
692 1981 744 2042 Gr.
768 1982 798 2061 §.
817 1982 890 2043 421.
911 1992 980 2044 not.
998 1985 1028 2046 2.
1055 1994 1085 2046 cl

123 2079 153 2159 ἓ.
175 2077 248 2143 408.
273 2078 296 2141 l.
342 2078 386 2158 b).
417 2077 462 2139 Cf.
487 2077 564 2140 infra
586 2099 616 2139 v.
637 2078 709 2140 921.
732 2085 831 2140 πεσεῖν
852 2074 1000 2158 πτώματα.
1028 2079 1083 2161 ὅμ-

109 2202 168 2256 ,μα
194 2186 292 2240 antem
321 2175 436 2260 proprie
458 2174 604 2258 significat
625 2177 806 2257 ndepccln'm
828 2175 962 2260 (Bliclr).
1007 2180 1084 2247 Ver-.

123 2295 175 2337 sus
197 2285 267 2338 sunt
288 2274 404 2338 iambici
425 2273 551 2336 trimetri
572 2274 752 2348 calaleclici3
775 2286 844 2358 pulo
864 2276 942 2339 enirn
961 2299 1082 2341 versnm

121 2375 210 2448 903„
233 2373 328 2436 addila
347 2395 407 2436 nna
422 2372 547 2456 syllaba,
566 2372 770 2455 corrigendum
791 2394 878 2437 csse:
903 2377 968 2455 ἐμοὶ
987 2376 1015 2440 δ’
1037 2376 1079 2460 ἄρ’

122 2469 239 2550 ὅτιμὲν
262 2482 318 2534 etc.
341 2477 422 2534 θεῶν
444 2491 503 2533 una
525 2471 637 2556 syllaba
657 2471 812 2553 legendnm
833 2485 889 2536 cst.

183 2570 219 2632 V.
245 2570 318 2634 900.
370 2569 483 2633 Sensus
513 2580 577 2633 cst:
619 2571 690 2631 Ηοο
719 2571 833 2633 bellum
862 2592 934 2634 enm
960 2578 1081 2656 superio

119 2691 183 2731 non
204 2670 435 2750 suscipiendum
465 2677 530 2743 eet,
560 2677 591 2730 et
611 2670 815 2750 dffcultatec
830 2677 966 2756 porrigit
987 2695 1081 2756 aegre

120 2768 299 2829 vincendae.
351 2765 426 2830 Nam
448 2788 536 2850 quum
559 2767 664 2830 bellum
686 2768 755 2830 illud
777 2770 813 2832 arl
833 2770 946 2834 felicem
966 2764 1079 2837 exilum

119 2865 238 2947 perduci
260 2886 319 2927 non
340 2866 451 2948 possit,
474 2865 611 2947 quoniam
634 2866 672 2927 dii
695 2877 764 2929 sunl
786 2870 995 2951 potentissimi,
1018 2894 1079 2941 οπο·1

120 2965 192 3029 nino
216 2963 383 3028 evitandum
406 2964 499 3028 salius
521 2964 600 3026 ducit
623 2964 758 3041 Chorus,
779 2967 832 3030 Jus
855 2972 991 3055 exemplo
1013 2973 1077 3049 eln-¹

119 3075 197 3128 clus,
255 3066 302 3127 De
331 3061 428 3146 ἄποροι
460 3060 583 3146 πόριμος
608 3065 765 3127 verborum
795 3070 1017 3136 construetione
1045 3091 1074 3133 v.

118 3163 221 3226 Mallh.
250 3163 302 3226 Gr.
323 3163 380 3237 ¹Gr.
411 3184 451 3224 m.
480 3163 509 3242 §.
530 3163 603 3226 422.
634 3184 661 3244 p.
683 3164 756 3227 943.
801 3165 974 3249 Significant
1000 3169 1078 3249 enirn

119 3262 140 3325 i.
157 3283 185 3344 q.
207 3259 304 3346 {inope
325 3257 434 3334 διδούς.
473 3257 569 3342 ἄποροι
586 3272 682 3324 aulem
703 3274 773 3325 sunl
790 3285 837 3340 ea,
858 3286 933 3348 quae
951 3267 991 3330 ila
1009 3277 1077 3334 sent

119 3360 255 3444 impedita
271 3372 300 3424 et
311 3359 462 3444 implicita,
479 3369 510 3421 nl
524 3361 622 3422 nullus
639 3360 705 3423 inde
718 3361 816 3426 exiles
828 3363 958 3439 inveniri
973 3364 1073 3449 possit.

183 3459 218 3522 V.
244 3461 317 3524 907.
369 3459 539 3523 Sentenliaz
579 3480 677 3541 neque
709 3465 788 3537 ecio,
825 3466 929 3544 quelle
957 3468 1074 3547 sutura

118 3579 232 3631 ccccm,
261 3559 290 3621 h:
312 3579 341 3622 e.
367 3579 441 3642 qnae
464 3577 531 3623 sors
552 3579 617 3622 mea
639 3561 726 3622 leret·
772 3559 1005 3629 Infelicissimam
1026 3583 1074 3627 an-
