2436 4116
185 296 231 359 IN
250 296 455 360 auscttr'tt
477 297 687 360 rnomnrn.
713 300 846 362 VINCT.
937 305 1009 367 att

106 454 171 545 ὅροι
192 469 282 544 apto,
309 472 508 546 coagmenta,
538 485 674 548 apparo,
696 467 834 542 deutrus,
854 465 1011 544 t‘ooouuda,

101 581 177 645 quae
207 560 282 636 alia,
316 562 516 627 derivatorum
548 563 666 637 radice,
696 552 831 647 proxime
852 585 1011 630 sueurava·

99 669 120 723 tt
137 654 252 739 ἆρτάο,
276 656 384 743 ἆρτέω,
405 656 526 744 sipritus,
548 671 578 724 at
600 657 703 742 ἀρτύω.
746 663 858 729 Horum
883 664 938 727 tria
961 686 1011 749 po·
1086 722 1094 741 ,

99 778 167 823 ema·
181 759 349 842 generalem
380 759 459 847 itiam
480 770 645 842 sequuntur
667 761 824 844 apparendi
846 761 1009 827 notionem.

99 863 101 903 ῑ
124 852 224 940 ἀρτύω
245 876 317 919 vero
338 856 460 941 insuper
480 858 613 922 adhaesit
632 857 792 942 specialis,
816 868 849 922 nt
870 860 905 922 de
926 881 1012 945 appa·

99 964 299 1038 nusurpetur
319 956 396 1033 eirca
420 956 519 1030 eibos,
543 957 590 1040 qui
614 966 646 1021 ut
666 956 726 1020 siut
746 957 890 1033 durando,
913 971 942 1021 at
965 981 1013 1024 ree

99 1052 114 1115 ιί
136 1052 272 1137 possint,
306 1055 498 1138 adaptantur,
528 1056 672 1137 quomodo
694 1057 729 1119 de
750 1055 817 1119 aliis
840 1057 928 1120 rebus
950 1053 1012 1140 don

99 1150 178 1217 tibuit
201 1149 321 1215 Hesiod.
344 1149 474 1238 in'Eop.
496 1176 526 1217 v.
547 1154 620 1218 610.
642 1153 690 1217 ubi
709 1153 770 1218 vid.
792 1155 901 1220 Graev.
936 1157 1012 1220 Hine

99 1258 132 1315 at
159 1251 260 1313 eundo
288 1260 318 1315 et
346 1252 469 1317 condio.
530 1253 569 1317 Aa
598 1259 637 1339 τῷ
666 1248 763 1334 doado
796 1252 867 1316 nihii
895 1255 1011 1339 obtigit,

99 1358 165 1415 etur
186 1348 256 1413 iilud
278 1350 438 1433 apparendi
460 1351 636 1436 aptandique
658 1371 766 1434 genus,
789 1354 865 1435 quod
884 1353 1012 1418 absolui·

102 1492 114 1523 .
149 1448 338 1530 appendendo
372 1448 516 1532 quidpiam
543 1449 733 1533 corporibus,
771 1452 848 1515 unde
873 1464 1012 1536 perpetuu

99 1564 144 1611 na
158 1554 242 1608 notat
255 1547 370 1626 pendo,
394 1549 547 1628 appendo,
571 1557 631 1608 tam
649 1548 763 1631 proprie
782 1569 868 1631 quam
889 1551 1010 1634 tropica.
1110 1558 1114 1567 “

99 1639 127 1707 ia
146 1652 242 1707 auteur
266 1642 380 1706 varium
402 1644 433 1706 in
455 1665 539 1708 nsum
563 1644 645 1708 varia
668 1645 765 1707 solent
786 1647 920 1729 appendi,
945 1646 1013 1709 hina

109 1740 202 1805 armis
231 1738 257 1804 si
279 1760 378 1805 sermo
406 1743 463 1818 sit,
497 1744 737 1818 volaterranus,
769 1741 795 1804 si
817 1744 852 1805 ad
874 1753 1013 1807 ornatum

99 1838 215 1915 tinent,
245 1859 369 1903 amare.
414 1841 543 1926 Hesyuh.
568 1841 766 1923 ἐξηρτημένοι,
796 1840 1012 1923 κεκοσμημένοι.

99 1958 129 2003 ιο
158 1935 243 2001 verbi
269 1936 402 2014 indoles,
436 1961 522 2022 quam
558 1941 706 2023 sequendo
739 1950 843 2020 sponte
873 1962 906 2003 se
934 1939 1035 2003 sistit¹

99 2022 220 2103 naturas
250 2035 344 2113 ratio,
373 2058 448 2120 quae
476 2039 565 2102 dictat
596 2037 715 2121 perinde
736 2056 803 2100 esse
830 2037 896 2102 sive
920 2038 1013 2113 diras,

99 2142 156 2221 psai
178 2135 292 2222 ἐμαυτῷ
313 2133 392 2213 τόξα,
412 2138 478 2202 sive
499 2137 548 2219 ἐμὲ
569 2134 675 2211 τόξοις,
698 2145 728 2198 et
747 2134 779 2196 iu
799 2154 874 2196 roae
896 2134 1015 2217 passiva

99 2233 191 2299 media
216 2233 298 2315 (nam
320 2237 421 2298 eodem
444 2237 529 2320 plane
551 2255 599 2298 res
617 2232 752 2308 recidit):
776 2227 832 2315 ἐγὼ
856 2231 1016 2313 ἐξαρτῶμοιι

99 2358 120 2397 υ
139 2345 172 2395 et
188 2328 292 2406 τόξοις.
337 2333 399 2397 ΙΙοο
421 2345 479 2397 tam
498 2345 545 2397 est
566 2332 749 2416 perspicuum
771 2350 878 2414 graeca
895 2329 1013 2401 scienti,

104 2431 248 2514 exemplis
271 2433 467 2496 demonstrari
490 2453 549 2494 nnn
571 2443 666 2516 egeat.
711 2431 750 2495 At
772 2427 924 2513 regiminis
946 2449 1013 2490 uum

99 2549 145 2593 ero
168 2549 239 2592 aasu
262 2531 318 2593 alia
340 2541 387 2594 ast
408 2542 438 2594 et
458 2531 574 2592 diversa
596 2531 684 2605 ratio,
707 2551 747 2592 ex
768 2549 826 2611 quo
849 2528 874 2589 si
897 2526 1015 2593 locotus

99 2638 159 2693 ssttt
178 2627 363 2712 AeschyluS,
392 2629 576 2709 ἐξηρτημένοι
597 2627 688 2704 τόξων
709 2630 805 2703 foret,
829 2628 1017 2709 sagittariae

99 2730 127 2791 ts·
148 2731 188 2801 ti,
211 2730 387 2810 sagittandi
404 2731 544 2790 studiosi.
571 2729 653 2815 ‚Quo
676 2729 822 2810 pertinent
846 2728 935 2790 verba
959 2725 1015 2811 Sy-

99 2824 150 2901 sii,
172 2846 247 2907 quae
268 2848 308 2890 ex
331 2826 422 2910 Epist.
446 2829 517 2889 XX.
541 2822 626 2892 affort
649 2826 794 2897 Thomas,
819 2821 1016 2906 διαφερόντως

104 2919 177 2998 τοὺς
192 2920 350 3008 ἡμετέρους
367 2925 468 3008 γονέας
482 2922 615 3007 ἐξήρτητο
631 2961 672 2971 -
690 2931 724 3011 τῇ
745 2925 860 3007 σπουδῇ
876 2961 925 2997 -,
946 2922 967 2982 i.
988 2943 1014 2984 e.

102 3021 209 3086 Ιαυτοῦ
228 3020 336 3105 ἤρτητο
358 3020 427 3096 τοὺς
447 3060 507 3099 -—,
536 3035 566 3086 et
586 3025 702 3106 ponitur
723 3022 836 3096 notive,
859 3039 913 3083 nea
933 3018 1016 3100 quiu-

99 3110 144 3184 ια’
161 3120 256 3185 simile
280 3121 367 3186 hahet
388 3121 471 3185 loeus
493 3122 567 3185 alter
588 3144 628 3187 ex
651 3122 744 3206 Epist.
768 3118 822 3192 ΙΙΙ,
846 3117 949 3198 χρυσία
967 3117 1017 3178 καὶ

99 3231 161 3296 turc
179 3217 317 3304 ἓξήρτητό
337 3220 433 3283 τεκαὶ
451 3222 615 3303 περιέκειτο.
659 3221 712 3284 Ubi
734 3219 835 3283 eodem
855 3215 940 3278 modu
957 3235 1016 3296 quo

99 3330 158 3384 tter
175 3319 309 3384 seribere
329 3329 444 3402 poterat
463 3323 590 3402 χρυσίοις
607 3320 657 3382 καὶ
677 3323 782 3392 λίθοις.
825 3315 856 3378 ld
878 3314 953 3396 quod
973 3311 1016 3374 di·

99 3422 195 3482 :ruere
217 3417 349 3502 nequivit
369 3418 522 3502 Magister.
557 3418 613 3480 Sed
629 3418 742 3482 seilicet
758 3436 817 3480 non
835 3411 912 3495 sapit
928 3410 1017 3474 homo

99 3536 141 3581 na
165 3514 304 3583 triviares
326 3519 582 3602 grunniatiuorunr
607 3538 757 3593 canonas,
788 3525 819 3578 et
837 3509 887 3575 ubi
905 3506 1017 3592 judioio

753 3612 823 3678 14*
