2436 4116
264 331 307 392 IN
331 328 534 390 auserem
557 328 767 394 PROMETH.
792 332 925 396 VINCT.
1006 336 1071 399 17³

117 496 265 582 epitheton
282 495 374 571 enim,
397 515 570 578 quamquam
588 516 648 558 noa
663 507 786 562 ornatus
805 518 911 565 caussa
927 500 1073 584 adjectura

117 607 174 672 cst,
197 607 297 660 tamon
320 614 380 656 aon
400 605 510 657 tautam
527 595 586 656 vim
609 593 707 673 hahet,
729 607 763 661 ut
779 598 873 662 mealia
887 597 967 662 iuter
983 603 1075 667 verua

116 694 289 759 collocatum
312 693 409 778 inepte
431 694 603 771 collocatum
627 693 676 756 sit.
724 696 829 760 Dicunt
846 698 960 781 quidem
978 721 1074 785 nequa

116 803 213 859 ortum
237 791 365 856 siderum
388 815 483 876 aeque
503 813 639 857 occasum
658 792 765 858 habere
785 795 890 880 aliquid
908 800 1074 866 obscurita-

117 894 171 968 tis,
204 893 256 956 sed
284 893 358 956 folso
383 893 535 976 judicant,
567 892 615 976 qui
637 892 681 955 sic
704 902 846 958 statuunt.
892 896 959 961 Non
980 900 1073 980 euim,

117 994 141 1056 si
161 992 236 1057 haec
257 991 352 1056 facilia
373 991 522 1075 intellectu
545 991 712 1055 homiuibus
733 993 877 1068 fuissent,
900 996 1075 1067 Prometheo

117 1113 189 1179 opus
210 1101 295 1167 erat,
316 1091 420 1155 harum
441 1113 541 1155 rerum
564 1092 701 1167 doctore,
732 1091 781 1176 qui
801 1093 890 1158 claris
910 1099 1009 1162 verbis
1031 1102 1075 1164 ui-

116 1192 194 1255 citar
215 1201 312 1255 ortum
336 1191 439 1254 saltem
461 1190 589 1254 siderum
611 1190 769 1255 indicasse.
813 1191 955 1272 Quocirca
978 1196 1077 1277 δύσεις

117 1301 199 1356 recte
220 1291 277 1376 legi
300 1291 371 1353 mihi
392 1291 527 1365 videtur,
558 1310 652 1372 oeque
674 1291 764 1373 probo
786 1286 889 1371 ὁδοὺς,
912 1299 988 1381 quod
1009 1299 1076 1364 Sto.

117 1392 209 1455 baeus
238 1393 374 1476 praebet,
402 1399 506 1453 auctor
526 1389 594 1464 itte,
624 1389 672 1473 qui
694 1410 780 1474 saepe
802 1391 867 1458 siue
889 1417 994 1462 caussa
1012 1421 1076 1464 mu-

119 1502 201 1554 tasse
221 1489 338 1553 videtur
366 1487 542 1572 scriptorum
565 1489 746 1552 laudatorum
770 1494 879 1569 verba,
906 1507 939 1560 ut
961 1498 991 1562 io
1013 1501 1076 1564 siu·

122 1588 198 1673 gulis
218 1611 279 1653 nou
300 1609 416 1672 semper
436 1588 541 1672 diguus
569 1588 608 1651 sit
628 1609 734 1672 magna
755 1593 940 1660 auctoritate.
984 1599 1077 1665 Acce-

120 1689 181 1766 dr't,
211 1684 288 1774 quod
314 1686 431 1753 ἀντολαὶ
460 1699 490 1752 et
518 1683 616 1761 δάοεις
635 1686 710 1750 item
734 1692 944 1772 quodammodo
966 1696 1078 1781 signifi·
1105 1740 1113 1752 κ
1154 1696 1156 1700 ”

120 1801 207 1863 caut,
232 1789 308 1872 quod
330 1785 403 1852 tuot.
445 1787 521 1854 Nam
543 1787 568 1850 si
591 1787 656 1871 quis
677 1789 837 1873 coguovit,
867 1813 925 1876 quo
947 1804 1078 1882 tempore

106 1889 201 1960 ,sidus
223 1889 338 1972 aliquod
363 1901 393 1952 et
413 1889 527 1953 oriatur
548 1900 579 1952 et
590 1887 731 1963 occidat,
765 1890 848 1973 siqu'o
871 1891 941 1958 haec
962 1898 1078 1980 praevi·

121 1987 169 2051 det
186 1998 221 2050 ct
244 1987 325 2051 initis
346 1988 509 2052 rationibus
527 1987 639 2062 definit,
662 2007 760 2077 uoune
780 1988 806 2051 is
824 2011 943 2054 cursum
963 2015 1078 2080 quoque

121 2085 283 2171 cognovit?
325 2086 415 2150 Porro
438 2085 556 2150 ἀντολαὶ
576 2097 606 2150 et
626 2082 722 2159 δύσεις
743 2087 838 2169 aptius
855 2087 911 2151 sibi
928 2112 1078 2177 oppounu-

120 2195 188 2259 tur‚
220 2207 307 2269 quam
328 2184 445 2250 ἀντολαὶ
462 2197 496 2250 et
517 2183 590 2249 ὁδοὶ.
633 2184 770 2256 Nemini,
801 2186 905 2258 credo,
937 2191 1077 2272 placeret,

122 2286 147 2349 ai
169 2286 318 2370 legeretur
339 2284 390 2362 τάς
411 2283 499 2361 ὄεὶοάς
520 2283 575 2370 ἐγὼ
605 2282 716 2366 ἀστρων
737 2284 829 2358 ἔδειξα
851 2282 903 2359 τοὶς
922 2311 953 2350 τε
973 2287 1078 2367 δύσεις.

122 2385 346 2451 Desideroretur
361 2387 438 2451 enirn
455 2396 539 2450 ortus
550 2383 800 2449 commemoratio.
835 2384 914 2448 Haec
926 2390 1080 2456 coufirmat

122 2485 259 2562 Servius,
282 2508 367 2571 quem
388 2488 564 2572 interpretes
585 2485 716 2560 laudaut,
739 2486 774 2548 ad
795 2485 876 2570 Virg.
901 2487 1004 2573 Eclog.
1029 2489 1077 2555 Vl.

122 2586 186 2649 Hic
212 2586 434 2670 (Prometheus)
456 2591 579 2671 primus
599 2588 810 2669 Astrologicm
832 2589 972 2667 Assyrio
998 2591 1081 2653 indt-

122 2690 224 2761 ccm’t,
249 2709 343 2770 quom
362 2689 500 2750 residens
521 2691 554 2750 ira
573 2697 677 2749 monte
698 2688 846 2750 altissimo
869 2688 1011 2752 Caucaso
1032 2694 1082 2753 m·-

121 2772 186 2849 mc'u
212 2805 290 2848 cura
316 2797 346 2849 et
373 2789 580 2851 sollicitudine
604 2788 867 2869 deprehendam
896 2789 946 2852 Ιαό
974 2799 1082 2855 cutem

122 2907 211 2949 mons
228 2890 352 2969 positus
371 2899 419 2951 eat
444 2892 529 2951 circu
548 2891 711 2970 Assyrios,
739 2890 860 2950 vicinus
877 2910 980 2971 poene
1000 2892 1082 2953 εἰάο·

120 2985 209 3046 ribus
225 2987 269 3066 (v.
291 2987 429 3075 Aeschyl.
451 2989 553 3052 Prom.*
568 2987 685 3052 v.·723.
705 2982 907 3069 ἀστυγείτονας
921 2985 1081 3069 κορυφὰς),

123 3083 209 3144 unda
235 3086 330 3145 eta'cm
356 3090 478 3168 majora
505 3099 593 3151 astru
613 3088 825 3161 demonstrat,
858 3096 888 3148 et
916 3087 1082 3169 diligenter

123 3199 231 3243 corum
252 3191 336 3244 ortus
357 3206 537 3270 occasusque
555 3186 722 3270 significat.
766 3185 863 3248 Schol.
882 3184 920 3248 Α.
941 3182 1013 3247 haec
1031 3185 1082 3249 od·

123 3289 225 3343 notut:
255 3278 487 3364 oocxolroogj
506 3283 768 3366 τὶνςκαταλήτττονς,
785 3279 994 3366 δνςγνώστονς,
1016 3278 1081 3347 οὶον

122 3379 168 3444 ὅτι
185 3376 297 3462 Ὠρίων
316 3377 406 3467 δύνῃ,
427 3389 551 3463 χειμῶνα
571 3391 656 3446 ποιεῖ,
698 3381 806 3464 ταύτην
826 3379 880 3462 τὴν
901 3381 1012 3464 εὕρεσιν
1031 3383 1083 3446 καὶ

122 3478 290 3568 Παλαμήεὶῃ
311 3489 470 3566 προςνῆψεν.
512 3484 582 3555 ἴσως
606 3480 638 3544 δὲ
660 3479 794 3567 κάκεῖνος
814 3475 872 3543 ἀπὸ
895 3482 1082 3565 Προμηθέας

120 3580 215 3660 ἔμαθε
234 3588 332 3647 ταῦτα.
374 3580 467 3648 Nobis
488 3581 520 3646 iu
541 3580 587 3647 his
604 3580 689 3646 hodie
708 3580 780 3647 uihil
801 3580 918 3646 obscuri
937 3572 1003 3659 este
1028 3603 1082 3651 aue
