<?xml version="1.0" encoding="UTF-8"?>
<!DOCTYPE html PUBLIC "-//W3C//DTD XHTML 1.0 Transitional//EN"
    "http://www.w3.org/TR/xhtml1/DTD/xhtml1-transitional.dtd">
<html xmlns="http://www.w3.org/1999/xhtml" xml:lang="en" lang="en">
 <head>
  <title>
</title>
<meta http-equiv="Content-Type" content="text/html;charset=utf-8" />
  <meta name='ocr-system' content='tesseract 3.04.00' />
  <meta name='ocr-capabilities' content='ocr_page ocr_carea ocr_par ocr_line ocrx_word'/>
</head>
<body>
  <div class='ocr_page' id='page_1' title='image "./tragoediae01aescgoog_0145.png"; bbox 0 0 2436 4116; ppageno 0'>
   <div class='ocr_carea' id='block_1_1' title="bbox 122 322 751 388">
    <p class='ocr_par' dir='ltr' id='par_1_1' title="bbox 122 322 751 388">
     <span class='ocr_line' id='line_1_1' title="bbox 122 322 751 388; baseline -0.006 0"><span class='ocrx_word' id='word_1_1' title='bbox 122 326 187 388; x_wconf 84' lang='lat'><strong>132</strong></span> <span class='ocrx_word' id='word_1_2' title='bbox 428 322 751 384; x_wconf 77' lang='lat' dir='ltr'><strong>COMMENTARIUS</strong></span> 
     </span>
    </p>
   </div>
   <div class='ocr_carea' id='block_1_2' title="bbox 20 482 1127 3651">
    <p class='ocr_par' dir='ltr' id='par_1_2' title="bbox 113 482 1070 674">
     <span class='ocr_line' id='line_1_2' title="bbox 113 482 1070 573; baseline -0.004 -21"><span class='ocrx_word' id='word_1_3' title='bbox 113 492 253 570; x_wconf 78' lang='lat' dir='ltr'><strong>ferreae.</strong></span> <span class='ocrx_word' id='word_1_4' title='bbox 297 488 404 552; x_wconf 85' lang='lat' dir='ltr'><strong>Eadem</strong></span> <span class='ocrx_word' id='word_1_5' title='bbox 428 487 541 572; x_wconf 85' lang='lat' dir='ltr'><strong>phrasis</strong></span> <span class='ocrx_word' id='word_1_6' title='bbox 557 488 664 573; x_wconf 75' lang='lat' dir='ltr'><strong>legitur</strong></span> <span class='ocrx_word' id='word_1_7' title='bbox 683 489 760 553; x_wconf 82' lang='lat' dir='ltr'><strong>inira</strong></span> <span class='ocrx_word' id='word_1_8' title='bbox 776 508 805 554; x_wconf 81' lang='lat' dir='ltr'><strong>v.</strong></span> <span class='ocrx_word' id='word_1_9' title='bbox 823 487 896 552; x_wconf 80' lang='lat'><strong>426.</strong></span> <span class='ocrx_word' id='word_1_10' title='bbox 920 482 1070 567; x_wconf 78' lang='grc' dir='ltr'><strong><em>λύμαις,</em></strong></span> 
     </span>
     <span class='ocr_line' id='line_1_3' title="bbox 118 583 582 674; baseline -0.002 -21"><span class='ocrx_word' id='word_1_11' title='bbox 118 586 253 674; x_wconf 76' lang='grc' dir='ltr'><strong><em>βλάβαις,</em></strong></span> <span class='ocrx_word' id='word_1_12' title='bbox 273 583 406 650; x_wconf 80' lang='grc' dir='ltr'><em>κολάσεσι</em></span> <span class='ocrx_word' id='word_1_13' title='bbox 428 586 525 651; x_wconf 87' lang='lat' dir='ltr'><strong>Sehol.</strong></span> <span class='ocrx_word' id='word_1_14' title='bbox 551 589 582 653; x_wconf 89' lang='lat' dir='ltr'><strong>B.</strong></span> 
     </span>
    </p>

    <p class='ocr_par' dir='ltr' id='par_1_3' title="bbox 119 683 1072 1069">
     <span class='ocr_line' id='line_1_4' title="bbox 179 683 1072 773; baseline -0.002 -23"><span class='ocrx_word' id='word_1_15' title='bbox 179 687 216 750; x_wconf 90' lang='lat' dir='ltr'><strong>V.</strong></span> <span class='ocrx_word' id='word_1_16' title='bbox 240 685 312 748; x_wconf 84' lang='lat'><strong>148.</strong></span> <span class='ocrx_word' id='word_1_17' title='bbox 356 683 587 768; x_wconf 68' lang='grc' dir='ltr'><strong><em>οἰακονόμοι</em></strong></span> <span class='ocrx_word' id='word_1_18' title='bbox 608 687 723 773; x_wconf 77' lang='lat' dir='ltr'><strong>proprie</strong></span> <span class='ocrx_word' id='word_1_19' title='bbox 737 698 818 761; x_wconf 75' lang='lat' dir='ltr'><strong>suut,</strong></span> <span class='ocrx_word' id='word_1_20' title='bbox 839 690 896 770; x_wconf 82' lang='lat' dir='ltr'><strong>qui</strong></span> <span class='ocrx_word' id='word_1_21' title='bbox 911 687 1072 770; x_wconf 80' lang='lat' dir='ltr'><strong>guberno·</strong></span> 
     </span>
     <span class='ocr_line' id='line_1_5' title="bbox 119 785 1072 871; baseline -0.001 -21"><span class='ocrx_word' id='word_1_22' title='bbox 119 789 223 850; x_wconf 83' lang='lat' dir='ltr'><strong>ouium</strong></span> <span class='ocrx_word' id='word_1_23' title='bbox 243 787 332 848; x_wconf 74' lang='grc' dir='ltr'><strong>οσοίε</strong></span> <span class='ocrx_word' id='word_1_24' title='bbox 349 795 474 869; x_wconf 79' lang='lat' dir='ltr'><strong>regunt,</strong></span> <span class='ocrx_word' id='word_1_25' title='bbox 497 788 720 870; x_wconf 78' lang='lat' dir='ltr'><strong>gubernatores,</strong></span> <span class='ocrx_word' id='word_1_26' title='bbox 738 787 882 871; x_wconf 65' lang='lat' dir='ltr'><strong>frequenti</strong></span> <span class='ocrx_word' id='word_1_27' title='bbox 900 785 1072 870; x_wconf 75' lang='lat' dir='ltr'><strong>metaphora</strong></span> 
     </span>
     <span class='ocr_line' id='line_1_6' title="bbox 120 878 1072 970; baseline 0 -21"><span class='ocrx_word' id='word_1_28' title='bbox 120 887 188 955; x_wconf 73' lang='lat' dir='ltr'><strong>dicii</strong></span> <span class='ocrx_word' id='word_1_29' title='bbox 214 905 265 969; x_wconf 87' lang='lat' dir='ltr'><strong>pro</strong></span> <span class='ocrx_word' id='word_1_30' title='bbox 291 884 467 969; x_wconf 90' lang='lat' dir='ltr'><strong>priueipihus</strong></span> <span class='ocrx_word' id='word_1_31' title='bbox 497 897 527 949; x_wconf 81' lang='lat' dir='ltr'><strong>et</strong></span> <span class='ocrx_word' id='word_1_32' title='bbox 546 887 675 970; x_wconf 84' lang='lat' dir='ltr'><strong>regibus.</strong></span> <span class='ocrx_word' id='word_1_33' title='bbox 727 886 776 951; x_wconf 87' lang='lat' dir='ltr'><strong>Sio</strong></span> <span class='ocrx_word' id='word_1_34' title='bbox 804 909 836 950; x_wconf 85' lang='lat' dir='ltr'><strong>v.</strong></span> <span class='ocrx_word' id='word_1_35' title='bbox 853 886 926 952; x_wconf 89' lang='grc'><strong>513.</strong></span> <span class='ocrx_word' id='word_1_36' title='bbox 951 889 996 960; x_wconf 87' lang='grc' dir='ltr'><strong><em>τίς</em></strong></span> <span class='ocrx_word' id='word_1_37' title='bbox 1017 878 1072 949; x_wconf 77' lang='grc' dir='ltr'><strong>οὖν</strong></span> 
     </span>
     <span class='ocr_line' id='line_1_7' title="bbox 120 982 587 1069; baseline 0 -21"><span class='ocrx_word' id='word_1_38' title='bbox 120 982 248 1069; x_wconf 77' lang='grc' dir='ltr'><strong><em>ἀνάγκης</em></strong></span> <span class='ocrx_word' id='word_1_39' title='bbox 266 984 342 1047; x_wconf 73' lang='grc' dir='ltr'><strong><em>ἐστὶν</em></strong></span> <span class='ocrx_word' id='word_1_40' title='bbox 359 982 587 1067; x_wconf 77' lang='grc' dir='ltr'><strong><em>·οἰακοστρόφος;</em></strong></span> 
     </span>
    </p>

    <p class='ocr_par' dir='ltr' id='par_1_4' title="bbox 120 1080 1072 1270">
     <span class='ocr_line' id='line_1_8' title="bbox 181 1080 1071 1168; baseline 0 -20"><span class='ocrx_word' id='word_1_41' title='bbox 181 1081 214 1149; x_wconf 81' lang='lat' dir='ltr'><strong>v;</strong></span> <span class='ocrx_word' id='word_1_42' title='bbox 238 1084 309 1149; x_wconf 87' lang='grc'><strong>150.</strong></span> <span class='ocrx_word' id='word_1_43' title='bbox 352 1080 475 1157; x_wconf 76' lang='grc' dir='ltr'><strong><em>ἀθέτως.</em></strong></span> <span class='ocrx_word' id='word_1_44' title='bbox 518 1084 649 1168; x_wconf 80' lang='lat' dir='ltr'><strong>Berulejo</strong></span> <span class='ocrx_word' id='word_1_45' title='bbox 671 1084 792 1148; x_wconf 71' lang='lat' dir='ltr'><strong>debetur</strong></span> <span class='ocrx_word' id='word_1_46' title='bbox 811 1105 882 1149; x_wconf 86' lang='lat' dir='ltr'><strong>vera</strong></span> <span class='ocrx_word' id='word_1_47' title='bbox 897 1082 998 1160; x_wconf 70' lang='lat' dir='ltr'><strong>lectio,</strong></span> <span class='ocrx_word' id='word_1_48' title='bbox 1021 1104 1071 1148; x_wconf 90' lang='lat' dir='ltr'><strong>se-</strong></span> 
     </span>
     <span class='ocr_line' id='line_1_9' title="bbox 120 1177 1072 1270; baseline 0 -23"><span class='ocrx_word' id='word_1_49' title='bbox 120 1193 209 1267; x_wconf 77' lang='lat' dir='ltr'><strong>quuio</strong></span> <span class='ocrx_word' id='word_1_50' title='bbox 231 1181 428 1270; x_wconf 74' lang='lat' dir='ltr'><strong>hesychium,</strong></span> <span class='ocrx_word' id='word_1_51' title='bbox 459 1182 508 1266; x_wconf 85' lang='lat' dir='ltr'><strong>qui</strong></span> <span class='ocrx_word' id='word_1_52' title='bbox 529 1183 602 1246; x_wconf 90' lang='lat' dir='ltr'><strong>haee</strong></span> <span class='ocrx_word' id='word_1_53' title='bbox 622 1180 723 1246; x_wconf 77' lang='lat' dir='ltr'><strong>affert:</strong></span> <span class='ocrx_word' id='word_1_54' title='bbox 745 1177 887 1258; x_wconf 80' lang='grc' dir='ltr'><strong><em>ἀθέτως·</em></strong></span> <span class='ocrx_word' id='word_1_55' title='bbox 910 1178 946 1247; x_wconf 87' lang='grc' dir='ltr'><strong><em>οά</em></strong></span> <span class='ocrx_word' id='word_1_56' title='bbox 966 1202 1072 1268; x_wconf 71' lang='grc' dir='ltr'><strong><em>συμμο-</em></strong></span> 
     </span>
    </p>

    <p class='ocr_par' dir='ltr' id='par_1_5' title="bbox 61 1280 1073 1657">
     <span class='ocr_line' id='line_1_10' title="bbox 61 1280 1073 1368; baseline 0.002 -22"><span class='ocrx_word' id='word_1_57' title='bbox 61 1323 64 1328; x_wconf 92' lang='lat'>·</span> <span class='ocrx_word' id='word_1_58' title='bbox 118 1282 335 1362; x_wconf 79' lang='grc' dir='ltr'><strong><em>τατεθειμένοις.</em></strong></span> <span class='ocrx_word' id='word_1_59' title='bbox 376 1280 520 1364; x_wconf 76' lang='grc' dir='ltr'><strong><em>Αἰσχύλος</em></strong></span> <span class='ocrx_word' id='word_1_60' title='bbox 541 1288 702 1365; x_wconf 79' lang='grc' dir='ltr'><strong><em>Προμηθεῖ</em></strong></span> <span class='ocrx_word' id='word_1_61' title='bbox 718 1289 807 1365; x_wconf 89' lang='grc' dir='ltr'><strong><em>Δεσμ.</em></strong></span> <span class='ocrx_word' id='word_1_62' title='bbox 833 1283 948 1368; x_wconf 81' lang='lat' dir='ltr'><strong>Jupiter</strong></span> <span class='ocrx_word' id='word_1_63' title='bbox 966 1284 1073 1348; x_wconf 78' lang='lat' dir='ltr'><strong>dieitur</strong></span> 
     </span>
     <span class='ocr_line' id='line_1_11' title="bbox 119 1368 1072 1466; baseline 0.001 -20"><span class='ocrx_word' id='word_1_64' title='bbox 119 1387 186 1447; x_wconf 78' lang='lat' dir='ltr'><strong>eine</strong></span> <span class='ocrx_word' id='word_1_65' title='bbox 208 1385 275 1465; x_wconf 80' lang='lat' dir='ltr'><strong>lege</strong></span> <span class='ocrx_word' id='word_1_66' title='bbox 295 1386 382 1445; x_wconf 83' lang='lat' dir='ltr'><strong>nouis</strong></span> <span class='ocrx_word' id='word_1_67' title='bbox 401 1385 519 1466; x_wconf 80' lang='lat' dir='ltr'><strong>legibus</strong></span> <span class='ocrx_word' id='word_1_68' title='bbox 534 1403 678 1466; x_wconf 74' lang='lat' dir='ltr'><strong>regnare,</strong></span> <span class='ocrx_word' id='word_1_69' title='bbox 697 1381 728 1445; x_wconf 89' lang='lat' dir='ltr'><strong>h.</strong></span> <span class='ocrx_word' id='word_1_70' title='bbox 747 1403 772 1445; x_wconf 89' lang='lat' dir='ltr'><strong>e.</strong></span> <span class='ocrx_word' id='word_1_71' title='bbox 798 1403 854 1447; x_wconf 85' lang='lat' dir='ltr'><strong>rex</strong></span> <span class='ocrx_word' id='word_1_72' title='bbox 869 1383 996 1446; x_wconf 87' lang='lat' dir='ltr'><strong>Deorum</strong></span> <span class='ocrx_word' id='word_1_73' title='bbox 1016 1368 1072 1447; x_wconf 83' lang='lat' dir='ltr'><strong>uo-</strong></span> 
     </span>
     <span class='ocr_line' id='line_1_12' title="bbox 118 1480 1072 1568; baseline 0.001 -23"><span class='ocrx_word' id='word_1_74' title='bbox 118 1502 174 1546; x_wconf 87' lang='lat' dir='ltr'><strong>ras</strong></span> <span class='ocrx_word' id='word_1_75' title='bbox 198 1481 312 1564; x_wconf 86' lang='lat' dir='ltr'><strong>quidem</strong></span> <span class='ocrx_word' id='word_1_76' title='bbox 338 1481 421 1566; x_wconf 81' lang='lat' dir='ltr'><strong>leges</strong></span> <span class='ocrx_word' id='word_1_77' title='bbox 441 1481 593 1565; x_wconf 81' lang='lat' dir='ltr'><strong>sequitur,</strong></span> <span class='ocrx_word' id='word_1_78' title='bbox 622 1483 673 1546; x_wconf 84' lang='lat' dir='ltr'><strong>sed</strong></span> <span class='ocrx_word' id='word_1_79' title='bbox 695 1481 750 1546; x_wconf 88' lang='lat' dir='ltr'><strong>hae</strong></span> <span class='ocrx_word' id='word_1_80' title='bbox 771 1491 841 1545; x_wconf 75' lang='lat' dir='ltr'><strong>suut</strong></span> <span class='ocrx_word' id='word_1_81' title='bbox 860 1480 901 1545; x_wconf 74' lang='lat' dir='ltr'><strong>iia</strong></span> <span class='ocrx_word' id='word_1_82' title='bbox 921 1483 1072 1568; x_wconf 79' lang='lat' dir='ltr'><strong>eompara-</strong></span> 
     </span>
     <span class='ocr_line' id='line_1_13' title="bbox 118 1580 633 1657; baseline 0.002 -14"><span class='ocrx_word' id='word_1_83' title='bbox 118 1591 186 1657; x_wconf 81' lang='grc' dir='ltr'><strong><em>ῐειο,</em></strong></span> <span class='ocrx_word' id='word_1_84' title='bbox 207 1590 242 1644; x_wconf 79' lang='grc' dir='ltr'><strong>ιιι</strong></span> <span class='ocrx_word' id='word_1_85' title='bbox 263 1580 360 1643; x_wconf 88' lang='lat' dir='ltr'><strong>uullae</strong></span> <span class='ocrx_word' id='word_1_86' title='bbox 381 1600 448 1644; x_wconf 86' lang='lat' dir='ltr'><strong>esse</strong></span> <span class='ocrx_word' id='word_1_87' title='bbox 469 1580 633 1644; x_wconf 75' lang='lat' dir='ltr'><strong>videantur.</strong></span> 
     </span>
    </p>

    <p class='ocr_par' dir='ltr' id='par_1_6' title="bbox 118 1675 1072 2257">
     <span class='ocr_line' id='line_1_14' title="bbox 181 1675 1071 1763; baseline 0.002 -22"><span class='ocrx_word' id='word_1_88' title='bbox 181 1678 216 1741; x_wconf 90' lang='lat' dir='ltr'><strong>V.</strong></span> <span class='ocrx_word' id='word_1_89' title='bbox 233 1680 304 1743; x_wconf 90' lang='grc'><strong>151.</strong></span> <span class='ocrx_word' id='word_1_90' title='bbox 334 1675 374 1742; x_wconf 74' lang='lat' dir='ltr'><strong>riu</strong></span> <span class='ocrx_word' id='word_1_91' title='bbox 390 1680 476 1763; x_wconf 82' lang='grc' dir='ltr'><strong><em>πρὶν</em></strong></span> <span class='ocrx_word' id='word_1_92' title='bbox 494 1677 662 1762; x_wconf 82' lang='grc' dir='ltr'><strong><em>πελῶριοι.</em></strong></span> <span class='ocrx_word' id='word_1_93' title='bbox 687 1675 826 1760; x_wconf 81' lang='grc' dir='ltr'><strong><em>πελάριος</em></strong></span> <span class='ocrx_word' id='word_1_94' title='bbox 839 1699 857 1741; x_wconf 87' lang='lat' dir='ltr'><strong>a</strong></span> <span class='ocrx_word' id='word_1_95' title='bbox 872 1679 965 1761; x_wconf 77' lang='grc' dir='ltr'><strong><em>πέλωρ</em></strong></span> <span class='ocrx_word' id='word_1_96' title='bbox 984 1678 1071 1762; x_wconf 82' lang='lat' dir='ltr'><strong>idque</strong></span> 
     </span>
     <span class='ocr_line' id='line_1_15' title="bbox 119 1772 1072 1861; baseline -0.001 -19"><span class='ocrx_word' id='word_1_97' title='bbox 119 1801 136 1842; x_wconf 91' lang='lat' dir='ltr'><strong>a</strong></span> <span class='ocrx_word' id='word_1_98' title='bbox 156 1772 253 1841; x_wconf 77' lang='grc' dir='ltr'><strong><em>πέλεὶν</em></strong></span> <span class='ocrx_word' id='word_1_99' title='bbox 276 1787 372 1841; x_wconf 87' lang='lat' dir='ltr'><strong>ortum</strong></span> <span class='ocrx_word' id='word_1_100' title='bbox 392 1779 583 1853; x_wconf 68' lang='lat' dir='ltr'><strong>vocabulum</strong></span> <span class='ocrx_word' id='word_1_101' title='bbox 612 1775 707 1840; x_wconf 80' lang='grc' dir='ltr'><strong><em>ιιέλειι</em></strong></span> <span class='ocrx_word' id='word_1_102' title='bbox 724 1798 814 1861; x_wconf 83' lang='lat' dir='ltr'><strong>quum</strong></span> <span class='ocrx_word' id='word_1_103' title='bbox 832 1776 976 1860; x_wconf 81' lang='lat' dir='ltr'><strong>significet</strong></span> <span class='ocrx_word' id='word_1_104' title='bbox 997 1799 1072 1841; x_wconf 75' lang='lat' dir='ltr'><strong>eao-</strong></span> 
     </span>
     <span class='ocr_line' id='line_1_16' title="bbox 118 1874 1071 1960; baseline 0.001 -22"><span class='ocrx_word' id='word_1_105' title='bbox 118 1883 182 1952; x_wconf 83' lang='lat' dir='ltr'><strong>riri,</strong></span> <span class='ocrx_word' id='word_1_106' title='bbox 203 1874 341 1959; x_wconf 75' lang='grc' dir='ltr'><strong><em>πελώριος</em></strong></span> <span class='ocrx_word' id='word_1_107' title='bbox 361 1876 477 1953; x_wconf 80' lang='lat' dir='ltr'><strong>estid,</strong></span> <span class='ocrx_word' id='word_1_108' title='bbox 497 1880 631 1960; x_wconf 74' lang='lat' dir='ltr'><strong>quodie</strong></span> <span class='ocrx_word' id='word_1_109' title='bbox 653 1877 752 1938; x_wconf 79' lang='lat' dir='ltr'><strong>altum</strong></span> <span class='ocrx_word' id='word_1_110' title='bbox 773 1877 888 1938; x_wconf 78' lang='lat' dir='ltr'><strong>elatum</strong></span> <span class='ocrx_word' id='word_1_111' title='bbox 909 1882 964 1951; x_wconf 75' lang='lat' dir='ltr'><strong>esi,</strong></span> <span class='ocrx_word' id='word_1_112' title='bbox 986 1897 1071 1939; x_wconf 83' lang='lat' dir='ltr'><strong>mon·</strong></span> 
     </span>
     <span class='ocr_line' id='line_1_17' title="bbox 118 1965 1071 2058; baseline 0.002 -21"><span class='ocrx_word' id='word_1_113' title='bbox 118 1965 284 2052; x_wconf 74' lang='lat' dir='ltr'><strong>strumum,</strong></span> <span class='ocrx_word' id='word_1_114' title='bbox 306 1978 426 2058; x_wconf 82' lang='lat' dir='ltr'><strong>ingens.</strong></span> <span class='ocrx_word' id='word_1_115' title='bbox 471 1974 583 2038; x_wconf 86' lang='lat' dir='ltr'><strong>Sensus</strong></span> <span class='ocrx_word' id='word_1_116' title='bbox 601 1973 694 2058; x_wconf 72' lang='lat' dir='ltr'><strong>vigitur</strong></span> <span class='ocrx_word' id='word_1_117' title='bbox 717 1985 784 2038; x_wconf 73' lang='lat' dir='ltr'><strong>esi:</strong></span> <span class='ocrx_word' id='word_1_118' title='bbox 817 1995 871 2050; x_wconf 84' lang='lat' dir='ltr'><strong>ea,</strong></span> <span class='ocrx_word' id='word_1_119' title='bbox 896 1997 978 2058; x_wconf 83' lang='lat' dir='ltr'><strong>quoe</strong></span> <span class='ocrx_word' id='word_1_120' title='bbox 999 1978 1071 2039; x_wconf 83' lang='lat' dir='ltr'><strong>olim</strong></span> 
     </span>
     <span class='ocr_line' id='line_1_18' title="bbox 119 2069 1067 2157; baseline 0 -19"><span class='ocrx_word' id='word_1_121' title='bbox 119 2077 224 2139; x_wconf 84' lang='lat' dir='ltr'><strong>valida</strong></span> <span class='ocrx_word' id='word_1_122' title='bbox 248 2082 280 2135; x_wconf 78' lang='lat' dir='ltr'><strong>et</strong></span> <span class='ocrx_word' id='word_1_123' title='bbox 305 2076 494 2138; x_wconf 75' lang='lat' dir='ltr'><strong>venerabilia</strong></span> <span class='ocrx_word' id='word_1_124' title='bbox 510 2077 661 2156; x_wconf 82' lang='lat' dir='ltr'><strong>suerunt,</strong></span> <span class='ocrx_word' id='word_1_125' title='bbox 688 2094 772 2137; x_wconf 77' lang='grc' dir='ltr'><strong><em>ιιιιιιο</em></strong></span> <span class='ocrx_word' id='word_1_126' title='bbox 796 2079 904 2136; x_wconf 78' lang='lat' dir='ltr'><strong>euertit</strong></span> <span class='ocrx_word' id='word_1_127' title='bbox 930 2069 1067 2157; x_wconf 76' lang='lat' dir='ltr'><strong>Jupiter.</strong></span> 
     </span>
     <span class='ocr_line' id='line_1_19' title="bbox 118 2169 1027 2257; baseline -0.003 -18"><span class='ocrx_word' id='word_1_128' title='bbox 118 2174 196 2239; x_wconf 74' lang='lat' dir='ltr'><strong>uicit</strong></span> <span class='ocrx_word' id='word_1_129' title='bbox 215 2184 312 2238; x_wconf 76' lang='lat' dir='ltr'><strong>aulem</strong></span> <span class='ocrx_word' id='word_1_130' title='bbox 334 2174 414 2257; x_wconf 86' lang='lat' dir='ltr'><strong>leges</strong></span> <span class='ocrx_word' id='word_1_131' title='bbox 435 2175 545 2239; x_wconf 80' lang='lat' dir='ltr'><strong>&#39;serrae</strong></span> <span class='ocrx_word' id='word_1_132' title='bbox 564 2182 595 2235; x_wconf 82' lang='lat' dir='ltr'><strong>et</strong></span> <span class='ocrx_word' id='word_1_133' title='bbox 616 2170 697 2234; x_wconf 85' lang='lat' dir='ltr'><strong>Coeii</strong></span> <span class='ocrx_word' id='word_1_134' title='bbox 717 2193 734 2234; x_wconf 88' lang='lat' dir='ltr'><strong>a</strong></span> <span class='ocrx_word' id='word_1_135' title='bbox 756 2169 829 2234; x_wconf 82' lang='lat' dir='ltr'><strong>Jove</strong></span> <span class='ocrx_word' id='word_1_136' title='bbox 850 2170 1027 2255; x_wconf 73' lang='lat' dir='ltr'><strong>antiquatas.</strong></span> 
     </span>
    </p>

    <p class='ocr_par' dir='ltr' id='par_1_7' title="bbox 97 2270 1127 2956">
     <span class='ocr_line' id='line_1_20' title="bbox 97 2270 1127 2352; baseline 0.002 -17"><span class='ocrx_word' id='word_1_137' title='bbox 97 2329 100 2335; x_wconf 93' lang='lat'><em>.</em></span> <span class='ocrx_word' id='word_1_138' title='bbox 179 2277 220 2336; x_wconf 85' lang='lat' dir='ltr'><strong>V.</strong></span> <span class='ocrx_word' id='word_1_139' title='bbox 242 2275 312 2338; x_wconf 85' lang='lat'>154.</span> <span class='ocrx_word' id='word_1_140' title='bbox 358 2272 549 2336; x_wconf 75' lang='lat' dir='ltr'><strong>Schueizius:</strong></span> <span class='ocrx_word' id='word_1_141' title='bbox 587 2270 675 2346; x_wconf 92' lang='lat' dir='ltr'><strong>„Suh</strong></span> <span class='ocrx_word' id='word_1_142' title='bbox 703 2281 781 2335; x_wconf 80' lang='lat' dir='ltr'><strong>terra</strong></span> <span class='ocrx_word' id='word_1_143' title='bbox 814 2271 908 2352; x_wconf 84' lang='lat' dir='ltr'><strong>Orous</strong></span> <span class='ocrx_word' id='word_1_144' title='bbox 932 2273 1070 2338; x_wconf 85' lang='lat' dir='ltr'><strong>·Plulouis</strong></span> <span class='ocrx_word' id='word_1_145' title='bbox 1122 2271 1127 2289; x_wconf 84' lang='lat'><em>‘</em></span> 
     </span>
     <span class='ocr_line' id='line_1_21' title="bbox 118 2368 1068 2459; baseline -0.002 -21"><span class='ocrx_word' id='word_1_146' title='bbox 118 2375 217 2459; x_wconf 84' lang='lat' dir='ltr'><strong>regia,</strong></span> <span class='ocrx_word' id='word_1_147' title='bbox 245 2382 277 2437; x_wconf 76' lang='lat' dir='ltr'><strong>et</strong></span> <span class='ocrx_word' id='word_1_148' title='bbox 304 2373 358 2435; x_wconf 91' lang='lat' dir='ltr'><strong>suh</strong></span> <span class='ocrx_word' id='word_1_149' title='bbox 388 2370 464 2434; x_wconf 81' lang='lat' dir='ltr'><strong>Oreo</strong></span> <span class='ocrx_word' id='word_1_150' title='bbox 493 2372 606 2433; x_wconf 89' lang='lat' dir='ltr'><strong>demum</strong></span> <span class='ocrx_word' id='word_1_151' title='bbox 635 2368 778 2433; x_wconf 81' lang='lat' dir='ltr'><strong>Tartarus</strong></span> <span class='ocrx_word' id='word_1_152' title='bbox 806 2391 872 2434; x_wconf 87' lang='lat' dir='ltr'><strong>esse</strong></span> <span class='ocrx_word' id='word_1_153' title='bbox 893 2372 1068 2456; x_wconf 73' lang='lat' dir='ltr'><strong>fingebatur.</strong></span> 
     </span>
     <span class='ocr_line' id='line_1_22' title="bbox 118 2468 1071 2555; baseline 0 -19"><span class='ocrx_word' id='word_1_154' title='bbox 118 2471 164 2536; x_wconf 79' lang='lat' dir='ltr'><strong>Aa</strong></span> <span class='ocrx_word' id='word_1_155' title='bbox 184 2472 259 2536; x_wconf 90' lang='lat' dir='ltr'><strong>hano</strong></span> <span class='ocrx_word' id='word_1_156' title='bbox 280 2493 412 2535; x_wconf 88' lang='lat' dir='ltr'><strong>normam</strong></span> <span class='ocrx_word' id='word_1_157' title='bbox 433 2469 618 2555; x_wconf 81' lang='lat' dir='ltr'><strong>Aeschylus,</strong></span> <span class='ocrx_word' id='word_1_158' title='bbox 646 2468 810 2553; x_wconf 85' lang='lat' dir='ltr'><strong>uhiounque</strong></span> <span class='ocrx_word' id='word_1_159' title='bbox 830 2471 864 2534; x_wconf 81' lang='lat' dir='ltr'><strong>ie</strong></span> <span class='ocrx_word' id='word_1_160' title='bbox 884 2472 1009 2535; x_wconf 72' lang='lat' dir='ltr'><strong>Tartaro</strong></span> <span class='ocrx_word' id='word_1_161' title='bbox 1029 2474 1071 2536; x_wconf 88' lang='lat' dir='ltr'><strong>lo·</strong></span> 
     </span>
     <span class='ocr_line' id='line_1_23' title="bbox 120 2564 1072 2659; baseline 0.002 -25"><span class='ocrx_word' id='word_1_162' title='bbox 120 2571 230 2659; x_wconf 75' lang='lat' dir='ltr'><strong>quitur,</strong></span> <span class='ocrx_word' id='word_1_163' title='bbox 253 2571 377 2634; x_wconf 86' lang='lat' dir='ltr'><strong>fabulam</strong></span> <span class='ocrx_word' id='word_1_164' title='bbox 399 2570 506 2653; x_wconf 80' lang='lat' dir='ltr'><strong>dirigit.</strong></span> <span class='ocrx_word' id='word_1_165' title='bbox 550 2569 655 2652; x_wconf 74' lang='lat' dir='ltr'><strong>Aptum</strong></span> <span class='ocrx_word' id='word_1_166' title='bbox 677 2590 750 2632; x_wconf 87' lang='lat' dir='ltr'><strong>vero</strong></span> <span class='ocrx_word' id='word_1_167' title='bbox 765 2580 824 2642; x_wconf 82' lang='lat' dir='ltr'><strong>est,</strong></span> <span class='ocrx_word' id='word_1_168' title='bbox 845 2564 975 2654; x_wconf 42' lang='lat' dir='ltr'><strong>quod‘iu</strong></span> <span class='ocrx_word' id='word_1_169' title='bbox 997 2572 1072 2636; x_wconf 91' lang='lat' dir='ltr'><strong>Tar·</strong></span> 
     </span>
     <span class='ocr_line' id='line_1_24' title="bbox 120 2667 1070 2754; baseline 0.002 -21"><span class='ocrx_word' id='word_1_170' title='bbox 120 2682 215 2733; x_wconf 74' lang='lat' dir='ltr'><strong>iarum</strong></span> <span class='ocrx_word' id='word_1_171' title='bbox 233 2669 329 2754; x_wconf 84' lang='lat' dir='ltr'><strong>polius</strong></span> <span class='ocrx_word' id='word_1_172' title='bbox 347 2689 379 2732; x_wconf 89' lang='lat' dir='ltr'><strong>se</strong></span> <span class='ocrx_word' id='word_1_173' title='bbox 397 2667 539 2752; x_wconf 66' lang='lat' dir='ltr'><strong>dejectum</strong></span> <span class='ocrx_word' id='word_1_174' title='bbox 555 2688 624 2731; x_wconf 89' lang='lat' dir='ltr'><strong>esse</strong></span> <span class='ocrx_word' id='word_1_175' title='bbox 639 2677 729 2752; x_wconf 75' lang='lat' dir='ltr'><strong>optat,</strong></span> <span class='ocrx_word' id='word_1_176' title='bbox 753 2690 840 2752; x_wconf 87' lang='lat' dir='ltr'><strong>quum</strong></span> <span class='ocrx_word' id='word_1_177' title='bbox 857 2681 973 2754; x_wconf 72' lang='lat' dir='ltr'><strong>propter</strong></span> <span class='ocrx_word' id='word_1_178' title='bbox 992 2693 1070 2746; x_wconf 88' lang='lat' dir='ltr'><strong>eam,</strong></span> 
     </span>
     <span class='ocr_line' id='line_1_25' title="bbox 120 2767 1073 2853; baseline 0.004 -22"><span class='ocrx_word' id='word_1_179' title='bbox 120 2791 205 2852; x_wconf 85' lang='lat' dir='ltr'><strong>quam</strong></span> <span class='ocrx_word' id='word_1_180' title='bbox 227 2769 289 2852; x_wconf 89' lang='lat' dir='ltr'><strong>ipse</strong></span> <span class='ocrx_word' id='word_1_181' title='bbox 311 2767 412 2844; x_wconf 84' lang='lat' dir='ltr'><strong>affert,</strong></span> <span class='ocrx_word' id='word_1_182' title='bbox 435 2786 586 2843; x_wconf 83' lang='lat' dir='ltr'><strong>caussam,</strong></span> <span class='ocrx_word' id='word_1_183' title='bbox 616 2779 685 2830; x_wconf 82' lang='lat' dir='ltr'><strong>tum·</strong></span> <span class='ocrx_word' id='word_1_184' title='bbox 698 2780 849 2853; x_wconf 71' lang='lat' dir='ltr'><strong>propterea</strong></span> <span class='ocrx_word' id='word_1_185' title='bbox 871 2772 946 2853; x_wconf 85' lang='lat' dir='ltr'><strong>quod</strong></span> <span class='ocrx_word' id='word_1_186' title='bbox 967 2793 1003 2834; x_wconf 89' lang='lat' dir='ltr'><strong>eo</strong></span> <span class='ocrx_word' id='word_1_187' title='bbox 1026 2794 1073 2835; x_wconf 93' lang='lat' dir='ltr'><strong>re-</strong></span> 
     </span>
     <span class='ocr_line' id='line_1_26' title="bbox 120 2867 1072 2956; baseline 0.003 -25"><span class='ocrx_word' id='word_1_188' title='bbox 120 2869 215 2952; x_wconf 88' lang='lat' dir='ltr'><strong>liquos</strong></span> <span class='ocrx_word' id='word_1_189' title='bbox 237 2868 357 2931; x_wconf 84' lang='lat' dir='ltr'><strong>Titanas</strong></span> <span class='ocrx_word' id='word_1_190' title='bbox 378 2870 440 2932; x_wconf 82' lang='lat' dir='ltr'><strong>fere</strong></span> <span class='ocrx_word' id='word_1_191' title='bbox 456 2888 558 2931; x_wconf 89' lang='lat' dir='ltr'><strong>omues</strong></span> <span class='ocrx_word' id='word_1_192' title='bbox 575 2867 691 2953; x_wconf 81' lang='lat' dir='ltr'><strong>Jupiter.</strong></span> <span class='ocrx_word' id='word_1_193' title='bbox 706 2869 906 2933; x_wconf 79' lang='lat' dir='ltr'><strong>incluserat.“</strong></span> <span class='ocrx_word' id='word_1_194' title='bbox 949 2871 989 2934; x_wconf 80' lang='lat' dir='ltr'><strong>Et</strong></span> <span class='ocrx_word' id='word_1_195' title='bbox 1003 2893 1072 2956; x_wconf 90' lang='lat' dir='ltr'><strong>pro·</strong></span> 
     </span>
    </p>

    <p class='ocr_par' dir='ltr' id='par_1_8' title="bbox 20 2967 1091 3250">
     <span class='ocr_line' id='line_1_27' title="bbox 20 2967 1071 3054; baseline 0.003 -23"><span class='ocrx_word' id='word_1_196' title='bbox 20 2988 22 2991; x_wconf 83' lang='lat'>·</span> <span class='ocrx_word' id='word_1_197' title='bbox 120 2979 185 3054; x_wconf 79' lang='lat' dir='ltr'><strong>pier</strong></span> <span class='ocrx_word' id='word_1_198' title='bbox 211 2967 239 3031; x_wconf 83' lang='lat' dir='ltr'><strong>iu</strong></span> <span class='ocrx_word' id='word_1_199' title='bbox 266 2967 360 3051; x_wconf 90' lang='lat' dir='ltr'><strong>ipsum</strong></span> <span class='ocrx_word' id='word_1_200' title='bbox 388 2969 492 3031; x_wconf 89' lang='lat' dir='ltr'><strong>aoerbe</strong></span> <span class='ocrx_word' id='word_1_201' title='bbox 518 2968 623 3030; x_wconf 70' lang='lat' dir='ltr'><strong>dietum</strong></span> <span class='ocrx_word' id='word_1_202' title='bbox 653 2978 735 3031; x_wconf 70' lang='lat' dir='ltr'><strong>esta</strong></span> <span class='ocrx_word' id='word_1_203' title='bbox 758 2968 951 3045; x_wconf 71' lang='lat' dir='ltr'><strong>Prometheo,</strong></span> <span class='ocrx_word' id='word_1_204' title='bbox 982 2991 1071 3053; x_wconf 88' lang='lat' dir='ltr'><strong>quum</strong></span> 
     </span>
     <span class='ocr_line' id='line_1_28' title="bbox 121 3066 1091 3152; baseline 0.005 -22"><span class='ocrx_word' id='word_1_205' title='bbox 121 3079 217 3152; x_wconf 76' lang='lat' dir='ltr'><strong>optat,</strong></span> <span class='ocrx_word' id='word_1_206' title='bbox 245 3077 278 3131; x_wconf 80' lang='lat' dir='ltr'><strong>ut</strong></span> <span class='ocrx_word' id='word_1_207' title='bbox 299 3066 400 3130; x_wconf 87' lang='lat' dir='ltr'><strong>eadem</strong></span> <span class='ocrx_word' id='word_1_208' title='bbox 423 3087 516 3150; x_wconf 88' lang='lat' dir='ltr'><strong>poena</strong></span> <span class='ocrx_word' id='word_1_209' title='bbox 538 3066 697 3141; x_wconf 75' lang='lat' dir='ltr'><strong>affioiarur,</strong></span> <span class='ocrx_word' id='word_1_210' title='bbox 725 3086 782 3149; x_wconf 83' lang='lat' dir='ltr'><strong>qua</strong></span> <span class='ocrx_word' id='word_1_211' title='bbox 806 3068 914 3132; x_wconf 82' lang='lat' dir='ltr'><strong>caeleri</strong></span> <span class='ocrx_word' id='word_1_212' title='bbox 936 3069 1091 3148; x_wconf 75' lang='lat' dir='ltr'><strong>Titanes„</strong></span> 
     </span>
     <span class='ocr_line' id='line_1_29' title="bbox 119 3163 986 3250; baseline -0.003 -17"><span class='ocrx_word' id='word_1_213' title='bbox 119 3169 220 3233; x_wconf 78' lang='lat' dir='ltr'><strong>hostes</strong></span> <span class='ocrx_word' id='word_1_214' title='bbox 241 3166 341 3243; x_wconf 84' lang='lat' dir='ltr'><strong>iovis,</strong></span> <span class='ocrx_word' id='word_1_215' title='bbox 364 3167 413 3250; x_wconf 90' lang='lat' dir='ltr'><strong>qui</strong></span> <span class='ocrx_word' id='word_1_216' title='bbox 433 3163 597 3229; x_wconf 74' lang='lat' dir='ltr'><strong>Promethei</strong></span> <span class='ocrx_word' id='word_1_217' title='bbox 621 3165 744 3229; x_wconf 87' lang='lat' dir='ltr'><strong>oousiho</strong></span> <span class='ocrx_word' id='word_1_218' title='bbox 766 3167 836 3230; x_wconf 73' lang='lat' dir='ltr'><strong>vieti</strong></span> <span class='ocrx_word' id='word_1_219' title='bbox 857 3170 986 3232; x_wconf 75' lang='lat' dir='ltr'><strong>fueraut.</strong></span> 
     </span>
    </p>

    <p class='ocr_par' dir='ltr' id='par_1_9' title="bbox 117 3260 1111 3651">
     <span class='ocr_line' id='line_1_30' title="bbox 179 3260 1073 3351; baseline 0.002 -21"><span class='ocrx_word' id='word_1_220' title='bbox 179 3266 214 3330; x_wconf 91' lang='lat' dir='ltr'><strong>V.</strong></span> <span class='ocrx_word' id='word_1_221' title='bbox 239 3268 310 3332; x_wconf 90' lang='grc'><strong>155.</strong></span> <span class='ocrx_word' id='word_1_222' title='bbox 363 3265 497 3351; x_wconf 76' lang='grc' dir='ltr'><strong><em>ἀγρίοις</em></strong></span> <span class='ocrx_word' id='word_1_223' title='bbox 527 3260 700 3342; x_wconf 79' lang='grc' dir='ltr'><strong><em>πελάσας,</em></strong></span> <span class='ocrx_word' id='word_1_224' title='bbox 728 3270 880 3348; x_wconf 72' lang='lat' dir='ltr'><strong>ferociter</strong></span> <span class='ocrx_word' id='word_1_225' title='bbox 901 3270 1073 3348; x_wconf 77' lang='lat' dir='ltr'><strong>conjiciens</strong></span> 
     </span>
     <span class='ocr_line' id='line_1_31' title="bbox 119 3363 1111 3448; baseline 0.001 -17"><span class='ocrx_word' id='word_1_226' title='bbox 119 3368 149 3431; x_wconf 94' lang='lat' dir='ltr'><strong>iu</strong></span> <span class='ocrx_word' id='word_1_227' title='bbox 171 3368 299 3432; x_wconf 82' lang='lat' dir='ltr'><strong>vincula.</strong></span> <span class='ocrx_word' id='word_1_228' title='bbox 353 3367 407 3446; x_wconf 80' lang='lat' dir='ltr'><strong>Qui</strong></span> <span class='ocrx_word' id='word_1_229' title='bbox 434 3363 544 3448; x_wconf 78' lang='grc' dir='ltr'><strong><em>ἀγρίοις</em></strong></span> <span class='ocrx_word' id='word_1_230' title='bbox 563 3363 678 3447; x_wconf 80' lang='lat' dir='ltr'><strong>legunt,</strong></span> <span class='ocrx_word' id='word_1_231' title='bbox 707 3386 767 3428; x_wconf 81' lang='lat' dir='ltr'><strong>uon</strong></span> <span class='ocrx_word' id='word_1_232' title='bbox 787 3366 1070 3442; x_wconf 75' lang='lat' dir='ltr'><strong>animadverterunt,</strong></span> <span class='ocrx_word' id='word_1_233' title='bbox 1108 3390 1111 3396; x_wconf 90' lang='lat'>·</span> 
     </span>
     <span class='ocr_line' id='line_1_32' title="bbox 118 3463 1073 3551; baseline 0 -21"><span class='ocrx_word' id='word_1_234' title='bbox 118 3467 276 3551; x_wconf 74' lang='lat' dir='ltr'><strong>inelegauti</strong></span> <span class='ocrx_word' id='word_1_235' title='bbox 297 3467 362 3530; x_wconf 85' lang='lat' dir='ltr'><strong>loeo</strong></span> <span class='ocrx_word' id='word_1_236' title='bbox 384 3465 509 3550; x_wconf 75' lang='lat' dir='ltr'><strong>positum</strong></span> <span class='ocrx_word' id='word_1_237' title='bbox 531 3484 598 3526; x_wconf 89' lang='lat' dir='ltr'><strong>esse</strong></span> <span class='ocrx_word' id='word_1_238' title='bbox 620 3463 674 3527; x_wconf 88' lang='lat' dir='ltr'><strong>hoo</strong></span> <span class='ocrx_word' id='word_1_239' title='bbox 694 3465 853 3548; x_wconf 78' lang='lat' dir='ltr'><strong>epitheton.</strong></span> <span class='ocrx_word' id='word_1_240' title='bbox 898 3467 987 3530; x_wconf 87' lang='lat' dir='ltr'><strong>Paulo</strong></span> <span class='ocrx_word' id='word_1_241' title='bbox 1010 3489 1073 3530; x_wconf 91' lang='lat' dir='ltr'><strong>ma-</strong></span> 
     </span>
     <span class='ocr_line' id='line_1_33' title="bbox 117 3562 1072 3651; baseline 0.002 -22"><span class='ocrx_word' id='word_1_242' title='bbox 117 3567 163 3651; x_wconf 87' lang='lat' dir='ltr'><strong>gis</strong></span> <span class='ocrx_word' id='word_1_243' title='bbox 184 3566 355 3631; x_wconf 77' lang='lat' dir='ltr'><strong>conveniret</strong></span> <span class='ocrx_word' id='word_1_244' title='bbox 371 3564 490 3650; x_wconf 81' lang='lat' dir='ltr'><strong>Reisigii</strong></span> <span class='ocrx_word' id='word_1_245' title='bbox 506 3565 675 3648; x_wconf 77' lang='lat' dir='ltr'><strong>conjectura</strong></span> <span class='ocrx_word' id='word_1_246' title='bbox 692 3567 808 3645; x_wconf 83' lang='grc' dir='ltr'><strong><em>ἀεομοῖς</em></strong></span> <span class='ocrx_word' id='word_1_247' title='bbox 822 3562 934 3640; x_wconf 76' lang='grc' dir='ltr'><strong><em>ἀλύτοις</em></strong></span> <span class='ocrx_word' id='word_1_248' title='bbox 949 3563 1072 3651; x_wconf 76' lang='grc' dir='ltr'><strong><em>ἀγρίοις,</em></strong></span> 
     </span>
    </p>
   </div>
   <div class='ocr_carea' id='block_1_3' title="bbox 0 0 1222 4116">
    <p class='ocr_par' dir='ltr' id='par_1_10' title="bbox 0 0 1222 4116">
     <span class='ocr_line' id='line_1_34' title="bbox 0 0 1222 4116; baseline 0 0"><span class='ocrx_word' id='word_1_249' title='bbox 0 0 1222 4116; x_wconf 95' lang='lat' dir='ltr'><strong> </strong></span> 
     </span>
    </p>
   </div>
  </div>
 </body>
</html>
