2436 4116
201 238 272 343 aro
375 298 381 312 ·
527 237 854 332 comunnranrns

204 437 353 513 metbeus,
375 452 464 517 quum
482 432 566 498 labor
581 434 670 519 bajus
691 433 735 498 rei
756 432 787 496 in
806 452 843 496 eo
859 431 924 507 solo
942 432 1057 517 positus
1076 445 1170 510 esset,

205 549 240 604 ut
261 537 297 602 Jo
318 535 355 599 ad
376 530 523 595 narranda
544 534 602 595 lata
626 540 823 617 permoveret.

269 634 307 702 V·
325 631 399 696 708.
440 637 548 717 θυμῷ
569 629 658 712 βάλ’,
680 632 711 694 ἐν
728 637 770 717 τῷ
783 636 826 716 σῷ
841 636 967 717 λογισμῷ
983 626 1054 712 βάλε
1070 629 1169 695 Sebol.

208 736 243 800 B.
271 734 365 814 injice
393 733 427 792 εἰι
448 733 716 810 animamarum,
743 729 842 791 eunde
864 734 968 793 naimo
988 738 1055 793 tuo.
1099 730 1173 793 Cae·

209 844 306 916 terum
337 826 457 893 omuino
485 826 649 910 legentibus
679 828 893 891 observandum
923 838 989 904 est,
1022 828 1173 894 banalas

209 949 346 996 errorum
367 926 585 990 enarrationem
608 947 667 990 non
690 927 725 989 ad
745 925 958 1009 geographicas
975 928 1091 993 tabulae
1109 928 1173 993 exi·

210 1030 335 1114 gandam
366 1045 452 1098 esse,
486 1046 577 1108 quum
604 1034 708 1109 poetae
736 1025 892 1088 eonsilium
920 1046 979 1088 non
1010 1036 1108 1099 esset,
1140 1037 1173 1090 ut

210 1124 437 1213 geographiam,
459 1122 518 1185 illis
539 1125 718 1206 temporibus
741 1124 909 1197 obscuram,
931 1122 1070 1188 bomines
1088 1126 1173 1189 duee·

209 1237 278 1303 ret,
309 1225 360 1289 sed
387 1233 421 1286 ut
447 1221 589 1307 voluptati
619 1221 779 1306 legentium
810 1241 845 1285 ea
867 1220 1069 1300 inservirent,
1100 1245 1173 1308 quae

134 1354 136 1358 ·
212 1325 372 1390 seeundum
393 1321 506 1387 fabulas
529 1331 691 1384 narrasset.

273 1421 311 1485 V.
333 1419 406 1485 710·
452 1416 659 1503 ἀνηρότους
685 1415 793 1503 γύας,
821 1419 950 1482 inarata
963 1422 1068 1505 juga,
1090 1420 1120 1486 b.
1142 1441 1168 1485 e.

211 1530 314 1584 rastas
330 1528 438 1582 terras.
482 1516 609 1603 Scythae
627 1517 693 1600 quia
714 1512 832 1596 vopeid
837 1538 880 1593 ες,
896 1529 1053 1599 pastores,
1076 1529 1170 1596 erant,

212 1640 310 1703 neque
335 1636 424 1702 agros
449 1628 483 1681 nt
509 1619 592 1682 rives
620 1616 755 1698 uolebant
776 1636 871 1700 neque
892 1617 1007 1682 stabilia
1029 1618 1171 1685 dominiba

212 1719 368 1783 habebant.
422 1716 561 1781 Pabulum
599 1737 688 1798 quum
727 1715 843 1781 deesset
874 1715 1034 1800 gregibus,
1076 1719 1170 1783 sedern

211 1815 457 1880 transmutabant.
892 1822 898 1836 “
1169 1832 1173 1847 ’

275 1912 312 1977 V·
336 1913 410 1977 711.
464 1909 620 1987 πλεκτὰς
656 1915 804 1997 στέγας,
840 1911 1038 1997 πεπλεγμένος
1073 1914 1169 1986 οἰκίας.

212 2010 312 2076 Sobol.
336 2011 370 2074 B.

276 2111 312 2172 V.
334 2109 407 2174 712.
450 2106 675 2192 πεδάρσιοι,
698 2108 755 2174 άπὸ
776 2117 830 2192 τῆς
849 2117 904 2195 γῆς
919 2105 1107 2192 ἐπαιρόμενοι
1126 2110 1171 2172 καλ

213 2206 388 2291 άψούμενοι.
421 2206 519 2271 Sobol.
541 2209 578 2273 Α.
624 2210 656 2272 ἐν
675 2201 766 2297 oedipo
787 2208 950 2293 αἰρόμενοι.·
976 2209 1077 2273 Sebol.
1099 2208 1131 2273 ll.

276 2305 327 2372 ἐπ’
360 2305 561 2382 εὐκύκλοις
587 2305 709 2389 ligore,
741 2306 851 2382 καλούς
869 2304 990 2392 τροχοὺς
1010 2307 1168 2388 ἔχουσινλν

214 2413 275 2480 τοῖς
295 2405 403 2488 άρμασι
424 2406 522 2500 Sphol.
549 2407 580 2469 B·
628 2407 678 2469 eol
708 2405 763 2490 γάρ
791 2403 889 2470 ἐπάνω
918 2409 1050 2488 αἱμαξῶν
1079 2411 1166 2480 (τοῦτο

214 2502 270 2588 γάρ
298 2507 385 2586 δηλοῖ
401 2501 434 2569 τὸ
455 2502 502 2568 ἐπ’
527 2501 676 2585 εὐκύκλοις
697 2502 789 2587 ligore)
810 2503 863 2580 τάς
884 2503 995 2586 σκηνάς
1015 2504 1168 2570 ἕαντῶνοὶ

216 2600 339 2690 Σκύθαι
356 2609 517 2666 ποιοῦνται.
545 2603 644 2666 Sobel.
667 2606 705 2666 Α.
749 2605 934 2669 blumbeldus
954 2604 1055 2669 laudat
1072 2605 1165 2688 Hippu-

216 2711 290 2764 erat.
315 2703 351 2765 de
367 2702 439 2765 Aer.
460 2711 490 2764 et
507 2700 563 2784 Aq.
579 2702 631 2765 93.
657 2701 794 2783 Νομάδες
811 2703 843 2766 δὲ
861 2709 1015 2767 καλεῦνται
1037 2703 1086 2786 (ol
1099 2695 1165 2764 Σκύ-

215 2801 298 2879 θαι),
320 2797 365 2862 ὅτι
382 2797 437 2863 οὐκ
456 2799 516 2862 ἔστι
537 2793 591 2878 σφι
609 2796 760 2880 οδιηματα,
781 2797 843 2863 ἀλλ’
867 2801 898 2863 ἐν
918 2798 1046 2887 άμάξησι
1067 2803 1165 2865 odaria·
1208 2854 1210 2883 ÷

216 2921 272 2960 ται.
313 2899 347 2960 αἱ
364 2897 396 2961 δὲ
416 2897 523 2978 άμαξαλ
543 2899 625 2976 εἰσιν,
646 2899 679 2961 αἱ
698 2897 750 2978 μὲν
771 2894 913 2980 ἐλάχισται
928 2898 1123 2981 τετράκυκλοι,
1140 2897 1168 2961 αἱ
1207 2910 1210 2957 ἱ

215 2993 248 3058 dt
268 2992 427 3071 ἐξάκοκλοι.
1208 3016 1210 3079 ;

278 3095 315 3159 V.
337 3095 411 3160 713.
466 3091 637 3170 τόξοισιν
664 3096 915 3179 ἐξηρτημένοι.
966 3093 1096 3172 „Utitur
1120 3095 1166 3158 boe
1208 3088 1210 3131 ³

214 3189 280 3256 loeo
300 3193 428 3260 Thomas
445 3195 525 3279 blag.
549 3196 725 3278 probaturus
745 3199 866 3260 verbum
887 3216 947 3258 non
964 3195 1053 3259 modo
1072 3210 1167 3278 regere
1208 3202 1210 3259 i

213 3294 395 3373 seeundum,
417 3295 469 3358 sed
491 3303 520 3357 et
541 3295 659 3357 tertium
681 3314 795 3359 oasam.
839 3294 951 3359 Deinde
971 3314 1007 3358 ea
1028 3291 1168 3361 subuertit

211 3391 346 3476 exempla
374 3393 472 3477 quarti
501 3413 608 3469 nasus,
639 3414 715 3476 qnae
740 3392 825 3456 faoile
854 3394 1002 3477 prodant,
1034 3393 1167 3457 minuse

210 3490 392 3572 exploratam
420 3491 512 3556 lunae
543 3493 626 3557 vocis
655 3491 802 3567 indolem,
836 3491 872 3556 de
901 3512 957 3576 pne
979 3491 1025 3567 aie
1050 3492 1168 3565 babela:
