<?xml version="1.0" encoding="UTF-8"?>
<!DOCTYPE html PUBLIC "-//W3C//DTD XHTML 1.0 Transitional//EN"
    "http://www.w3.org/TR/xhtml1/DTD/xhtml1-transitional.dtd">
<html xmlns="http://www.w3.org/1999/xhtml" xml:lang="en" lang="en">
 <head>
  <title>
</title>
<meta http-equiv="Content-Type" content="text/html;charset=utf-8" />
  <meta name='ocr-system' content='tesseract 3.04.00' />
  <meta name='ocr-capabilities' content='ocr_page ocr_carea ocr_par ocr_line ocrx_word'/>
</head>
<body>
  <div class='ocr_page' id='page_1' title='image "./tragoediae01aescgoog_0019.png"; bbox 0 0 2436 4116; ppageno 0'>
   <div class='ocr_carea' id='block_1_1' title="bbox 538 847 830 923">
    <p class='ocr_par' dir='ltr' id='par_1_1' title="bbox 538 847 830 923">
     <span class='ocr_line' id='line_1_1' title="bbox 538 847 830 923; baseline 0 0"><span class='ocrx_word' id='word_1_1' title='bbox 538 847 830 923; x_wconf 83' lang='grc' dir='ltr'><em>ΑΛΛΩΣ.</em></span> 
     </span>
    </p>
   </div>
   <div class='ocr_carea' id='block_1_2' title="bbox 140 1196 1171 3332">
    <p class='ocr_par' dir='ltr' id='par_1_2' title="bbox 140 1196 1171 3332">
     <span class='ocr_line' id='line_1_2' title="bbox 221 1196 1164 1299; baseline -0.001 -22"><span class='ocrx_word' id='word_1_2' title='bbox 221 1196 433 1299; x_wconf 71' lang='grc' dir='ltr'><em>Προμηθέως</em></span> <span class='ocrx_word' id='word_1_3' title='bbox 459 1207 493 1275; x_wconf 86' lang='grc' dir='ltr'><strong><em>έκ</em></strong></span> <span class='ocrx_word' id='word_1_4' title='bbox 514 1206 590 1288; x_wconf 88' lang='grc' dir='ltr'><strong><em>Διὸς</em></strong></span> <span class='ocrx_word' id='word_1_5' title='bbox 610 1210 795 1298; x_wconf 77' lang='grc' dir='ltr'><strong><em>κεκλοφότος</em></strong></span> <span class='ocrx_word' id='word_1_6' title='bbox 821 1208 857 1276; x_wconf 87' lang='grc' dir='ltr'><strong><em>τὸ</em></strong></span> <span class='ocrx_word' id='word_1_7' title='bbox 877 1213 941 1299; x_wconf 85' lang='grc' dir='ltr'><strong><em>πῦρ</em></strong></span> <span class='ocrx_word' id='word_1_8' title='bbox 961 1211 1014 1282; x_wconf 82' lang='grc' dir='ltr'><strong><em>καλ</em></strong></span> <span class='ocrx_word' id='word_1_9' title='bbox 1035 1209 1164 1278; x_wconf 82' lang='grc' dir='ltr'><strong><em>δεδωκό-</em></strong></span> 
     </span>
     <span class='ocr_line' id='line_1_3' title="bbox 216 1307 1161 1405; baseline -0.001 -24"><span class='ocrx_word' id='word_1_10' title='bbox 216 1324 269 1393; x_wconf 87' lang='grc' dir='ltr'><strong><em>’τος</em></strong></span> <span class='ocrx_word' id='word_1_11' title='bbox 284 1312 469 1402; x_wconf 80' lang='grc' dir='ltr'><strong><em>ἀνθρώποις,</em></strong></span> <span class='ocrx_word' id='word_1_12' title='bbox 487 1311 529 1380; x_wconf 78' lang='grc' dir='ltr'><strong><em>δι’</em></strong></span> <span class='ocrx_word' id='word_1_13' title='bbox 551 1307 591 1382; x_wconf 80' lang='grc' dir='ltr'><strong><em>οὗ</em></strong></span> <span class='ocrx_word' id='word_1_14' title='bbox 609 1315 714 1402; x_wconf 78' lang='grc' dir='ltr'><strong><em>τέχνας</em></strong></span> <span class='ocrx_word' id='word_1_15' title='bbox 729 1316 829 1393; x_wconf 86' lang='grc' dir='ltr'><strong><em>πάσας</em></strong></span> <span class='ocrx_word' id='word_1_16' title='bbox 847 1316 1009 1405; x_wconf 86' lang='grc' dir='ltr'><strong><em>άνθρωποι</em></strong></span> <span class='ocrx_word' id='word_1_17' title='bbox 1026 1315 1161 1404; x_wconf 69' lang='grc' dir='ltr'><strong><em>εὕροντο,</em></strong></span> 
     </span>
     <span class='ocr_line' id='line_1_4' title="bbox 217 1418 1163 1512; baseline -0.001 -23"><span class='ocrx_word' id='word_1_18' title='bbox 217 1421 371 1509; x_wconf 78' lang='grc' dir='ltr'><strong><em>ὀργισθεὶς</em></strong></span> <span class='ocrx_word' id='word_1_19' title='bbox 391 1418 409 1487; x_wconf 85' lang='grc' dir='ltr'><strong>ὁ</strong></span> <span class='ocrx_word' id='word_1_20' title='bbox 433 1419 511 1498; x_wconf 79' lang='grc' dir='ltr'><strong><em>Ζεὺς</em></strong></span> <span class='ocrx_word' id='word_1_21' title='bbox 531 1425 742 1510; x_wconf 74' lang='grc' dir='ltr'><strong><em>παραδίδωσιν</em></strong></span> <span class='ocrx_word' id='word_1_22' title='bbox 769 1420 866 1490; x_wconf 79' lang='grc' dir='ltr'><strong><em>αὐτὸν</em></strong></span> <span class='ocrx_word' id='word_1_23' title='bbox 887 1422 1001 1510; x_wconf 87' lang='grc' dir='ltr'><strong><em>Κράτει</em></strong></span> <span class='ocrx_word' id='word_1_24' title='bbox 1020 1425 1073 1489; x_wconf 79' lang='grc' dir='ltr'><strong><em>καλ</em></strong></span> <span class='ocrx_word' id='word_1_25' title='bbox 1094 1425 1163 1512; x_wconf 80' lang='grc' dir='ltr'><strong><em>Βλη,</em></strong></span> 
     </span>
     <span class='ocr_line' id='line_1_5' title="bbox 217 1524 1167 1622; baseline -0.005 -25"><span class='ocrx_word' id='word_1_26' title='bbox 217 1538 282 1608; x_wconf 86' lang='grc' dir='ltr'><strong><em>τοῖς</em></strong></span> <span class='ocrx_word' id='word_1_27' title='bbox 302 1527 400 1596; x_wconf 83' lang='grc' dir='ltr'><strong><em>αὐτοῦ</em></strong></span> <span class='ocrx_word' id='word_1_28' title='bbox 420 1524 591 1617; x_wconf 78' lang='grc' dir='ltr'><strong><em>ὑπηρέταις,</em></strong></span> <span class='ocrx_word' id='word_1_29' title='bbox 618 1530 671 1596; x_wconf 81' lang='grc' dir='ltr'><strong><em>καλ</em></strong></span> <span class='ocrx_word' id='word_1_30' title='bbox 686 1528 856 1622; x_wconf 79' lang='grc' dir='ltr'><strong><em>Ἡφαίστῳ,</em></strong></span> <span class='ocrx_word' id='word_1_31' title='bbox 878 1527 921 1609; x_wconf 82' lang='grc' dir='ltr'><strong><em>ὦς</em></strong></span> <span class='ocrx_word' id='word_1_32' title='bbox 941 1529 980 1596; x_wconf 83' lang='grc' dir='ltr'><strong><em>άν</em></strong></span> <span class='ocrx_word' id='word_1_33' title='bbox 1001 1525 1167 1612; x_wconf 78' lang='grc' dir='ltr'><strong><em>ἀγαγόντες</em></strong></span> 
     </span>
     <span class='ocr_line' id='line_1_6' title="bbox 217 1630 1171 1723; baseline -0.003 -22"><span class='ocrx_word' id='word_1_34' title='bbox 217 1635 295 1723; x_wconf 85' lang='grc' dir='ltr'><strong><em>πρὸς</em></strong></span> <span class='ocrx_word' id='word_1_35' title='bbox 320 1634 355 1701; x_wconf 86' lang='grc' dir='ltr'><strong><em>τὸ</em></strong></span> <span class='ocrx_word' id='word_1_36' title='bbox 382 1632 564 1702; x_wconf 80' lang='grc' dir='ltr'><strong><em>Καυκάσιον</em></strong></span> <span class='ocrx_word' id='word_1_37' title='bbox 591 1633 663 1721; x_wconf 81' lang='grc' dir='ltr'><strong><em>ὅρος</em></strong></span> <span class='ocrx_word' id='word_1_38' title='bbox 692 1639 812 1722; x_wconf 82' lang='grc' dir='ltr'><strong><em>δεσμοῖς</em></strong></span> <span class='ocrx_word' id='word_1_39' title='bbox 833 1638 968 1723; x_wconf 74' lang='grc' dir='ltr'><strong><em>σιδηροῖς</em></strong></span> <span class='ocrx_word' id='word_1_40' title='bbox 988 1630 1084 1700; x_wconf 77' lang='grc' dir='ltr'><strong><em>αὐτὸν</em></strong></span> <span class='ocrx_word' id='word_1_41' title='bbox 1105 1632 1171 1699; x_wconf 76' lang='grc' dir='ltr'><strong><em>ἐκεῖ</em></strong></span> 
     </span>
     <span class='ocr_line' id='line_1_7' title="bbox 217 1733 1167 1831; baseline -0.004 -22"><span class='ocrx_word' id='word_1_42' title='bbox 217 1739 454 1830; x_wconf 76' lang='grc' dir='ltr'><strong><em>προσηλώσαιεν.</em></strong></span> <span class='ocrx_word' id='word_1_43' title='bbox 503 1733 543 1808; x_wconf 81' lang='grc' dir='ltr'><strong><em>οὗ</em></strong></span> <span class='ocrx_word' id='word_1_44' title='bbox 573 1740 739 1828; x_wconf 84' lang='grc' dir='ltr'><strong><em>γενομένου</em></strong></span> <span class='ocrx_word' id='word_1_45' title='bbox 771 1745 990 1831; x_wconf 83' lang='grc' dir='ltr'><strong><em>παραγίνονται</em></strong></span> <span class='ocrx_word' id='word_1_46' title='bbox 1006 1739 1038 1827; x_wconf 89' lang='lat'><strong><em>¹)</em></strong></span> <span class='ocrx_word' id='word_1_47' title='bbox 1069 1743 1167 1806; x_wconf 85' lang='grc' dir='ltr'><strong><em>παῖσαι</em></strong></span> 
     </span>
     <span class='ocr_line' id='line_1_8' title="bbox 218 1844 1168 1939; baseline -0.002 -24"><span class='ocrx_word' id='word_1_48' title='bbox 218 1852 251 1915; x_wconf 84' lang='grc' dir='ltr'><strong><em>αἱ</em></strong></span> <span class='ocrx_word' id='word_1_49' title='bbox 268 1846 443 1915; x_wconf 77' lang='grc' dir='ltr'><strong><em>Ὠκεαναῖαι</em></strong></span> <span class='ocrx_word' id='word_1_50' title='bbox 455 1847 491 1934; x_wconf 82' lang='lat'><strong><em>²)</em></strong></span> <span class='ocrx_word' id='word_1_51' title='bbox 517 1846 639 1935; x_wconf 81' lang='grc' dir='ltr'><strong><em>νύμφαι</em></strong></span> <span class='ocrx_word' id='word_1_52' title='bbox 658 1847 735 1937; x_wconf 84' lang='grc' dir='ltr'><strong><em>πρὸς</em></strong></span> <span class='ocrx_word' id='word_1_53' title='bbox 755 1852 956 1939; x_wconf 72' lang='grc' dir='ltr'><strong><em>παραμυθίαν</em></strong></span> <span class='ocrx_word' id='word_1_54' title='bbox 976 1844 1092 1930; x_wconf 80' lang='grc' dir='ltr'><strong><em>αὐτοῦ,</em></strong></span> <span class='ocrx_word' id='word_1_55' title='bbox 1112 1847 1168 1913; x_wconf 81' lang='grc' dir='ltr'><strong><em>καὶ</em></strong></span> 
     </span>
     <span class='ocr_line' id='line_1_9' title="bbox 218 1951 1167 2046; baseline -0.004 -23"><span class='ocrx_word' id='word_1_56' title='bbox 218 1951 313 2032; x_wconf 79' lang='grc' dir='ltr'><strong><em>αὐτὸς</em></strong></span> <span class='ocrx_word' id='word_1_57' title='bbox 333 1952 351 2021; x_wconf 85' lang='grc' dir='ltr'>ὁ</span> <span class='ocrx_word' id='word_1_58' title='bbox 368 1951 531 2038; x_wconf 78' lang='grc' dir='ltr'><strong><em>Ὠκεανὸς,</em></strong></span> <span class='ocrx_word' id='word_1_59' title='bbox 554 1954 589 2032; x_wconf 82' lang='grc' dir='ltr'><strong><em>ὃς</em></strong></span> <span class='ocrx_word' id='word_1_60' title='bbox 609 1953 647 2042; x_wconf 81' lang='grc' dir='ltr'><strong><em>δὴ</em></strong></span> <span class='ocrx_word' id='word_1_61' title='bbox 667 1957 720 2023; x_wconf 83' lang='grc' dir='ltr'><strong><em>καλ</em></strong></span> <span class='ocrx_word' id='word_1_62' title='bbox 739 1955 816 2043; x_wconf 86' lang='grc' dir='ltr'><strong><em>λέγει</em></strong></span> <span class='ocrx_word' id='word_1_63' title='bbox 836 1960 880 2046; x_wconf 76' lang='grc' dir='ltr'><strong><em>τῷ</em></strong></span> <span class='ocrx_word' id='word_1_64' title='bbox 904 1961 1081 2043; x_wconf 74' lang='grc' dir='ltr'><strong><em>Προμηθεῖ,</em></strong></span> <span class='ocrx_word' id='word_1_65' title='bbox 1114 1956 1167 2020; x_wconf 86' lang='grc' dir='ltr'><strong><em>ῖνα</em></strong></span> 
     </span>
     <span class='ocr_line' id='line_1_10' title="bbox 140 2058 1168 2149; baseline -0.002 -19"><span class='ocrx_word' id='word_1_66' title='bbox 140 2086 144 2091; x_wconf 85' lang='grc'><strong><em>·</em></strong></span> <span class='ocrx_word' id='word_1_67' title='bbox 187 2099 189 2102; x_wconf 92' lang='grc'><em>·</em></span> <span class='ocrx_word' id='word_1_68' title='bbox 218 2060 363 2130; x_wconf 77' lang='grc' dir='ltr'><strong><em>άπελθάν</em></strong></span> <span class='ocrx_word' id='word_1_69' title='bbox 383 2060 459 2149; x_wconf 87' lang='grc' dir='ltr'><strong><em>πρὸς</em></strong></span> <span class='ocrx_word' id='word_1_70' title='bbox 479 2060 534 2129; x_wconf 87' lang='grc' dir='ltr'><strong><em>τὸν</em></strong></span> <span class='ocrx_word' id='word_1_71' title='bbox 554 2067 616 2130; x_wconf 84' lang='grc' dir='ltr'><strong><em>Δία</em></strong></span> <span class='ocrx_word' id='word_1_72' title='bbox 636 2063 754 2149; x_wconf 83' lang='grc' dir='ltr'><strong><em>δεήσεσι</em></strong></span> <span class='ocrx_word' id='word_1_73' title='bbox 774 2063 826 2130; x_wconf 87' lang='grc' dir='ltr'><strong><em>καέ</em></strong></span> <span class='ocrx_word' id='word_1_74' title='bbox 846 2068 942 2140; x_wconf 81' lang='grc' dir='ltr'><strong><em>λιταῖς</em></strong></span> <span class='ocrx_word' id='word_1_75' title='bbox 961 2065 1047 2149; x_wconf 85' lang='grc' dir='ltr'><strong><em>πεῖση</em></strong></span> <span class='ocrx_word' id='word_1_76' title='bbox 1069 2058 1168 2128; x_wconf 72' lang='grc' dir='ltr'><strong><em>αὐτὸν</em></strong></span> 
     </span>
     <span class='ocr_line' id='line_1_11' title="bbox 142 2166 1167 2257; baseline -0.004 -19"><span class='ocrx_word' id='word_1_77' title='bbox 142 2213 145 2222; x_wconf 81' lang='lat'><em>=</em></span> <span class='ocrx_word' id='word_1_78' title='bbox 218 2170 343 2238; x_wconf 69' lang='grc' dir='ltr'><strong><em>ἐκλῦσαι</em></strong></span> <span class='ocrx_word' id='word_1_79' title='bbox 372 2174 429 2236; x_wconf 85' lang='grc' dir='ltr'><strong><em>τοῦ</em></strong></span> <span class='ocrx_word' id='word_1_80' title='bbox 456 2172 569 2256; x_wconf 77' lang='grc' dir='ltr'><strong><em>δεσμοῦ</em></strong></span> <span class='ocrx_word' id='word_1_81' title='bbox 598 2167 775 2257; x_wconf 76' lang='grc' dir='ltr'><strong><em>Προμηθέα</em></strong></span> <span class='ocrx_word' id='word_1_82' title='bbox 817 2169 870 2236; x_wconf 83' lang='grc' dir='ltr'><strong><em>καὶ</em></strong></span> <span class='ocrx_word' id='word_1_83' title='bbox 893 2166 1080 2256; x_wconf 76' lang='grc' dir='ltr'><strong><em>Προμηθεὺς</em></strong></span> <span class='ocrx_word' id='word_1_84' title='bbox 1107 2166 1167 2235; x_wconf 85' lang='grc' dir='ltr'><strong><em>οὐκ</em></strong></span> 
     </span>
     <span class='ocr_line' id='line_1_12' title="bbox 220 2273 1169 2368; baseline -0.003 -24"><span class='ocrx_word' id='word_1_85' title='bbox 220 2277 270 2368; x_wconf 78' lang='grc' dir='ltr'><strong><em>έηῖ,</em></strong></span> <span class='ocrx_word' id='word_1_86' title='bbox 282 2275 327 2344; x_wconf 86' lang='grc' dir='ltr'><strong><em>’τὸ</em></strong></span> <span class='ocrx_word' id='word_1_87' title='bbox 347 2281 405 2342; x_wconf 81' lang='grc' dir='ltr'><strong><em>τοῦ</em></strong></span> <span class='ocrx_word' id='word_1_88' title='bbox 426 2274 502 2354; x_wconf 88' lang='grc' dir='ltr'><strong><em>Διὸς</em></strong></span> <span class='ocrx_word' id='word_1_89' title='bbox 522 2275 609 2354; x_wconf 79' lang='grc' dir='ltr'><strong><em>εἰδὼς</em></strong></span> <span class='ocrx_word' id='word_1_90' title='bbox 630 2275 789 2362; x_wconf 74' lang='grc' dir='ltr'><strong><em>ἄκαμπτον</em></strong></span> <span class='ocrx_word' id='word_1_91' title='bbox 808 2276 861 2344; x_wconf 82' lang='grc' dir='ltr'><strong><em>καὶ</em></strong></span> <span class='ocrx_word' id='word_1_92' title='bbox 876 2274 990 2364; x_wconf 84' lang='grc' dir='ltr'><strong><em>θρασύ.</em></strong></span> <span class='ocrx_word' id='word_1_93' title='bbox 1022 2277 1074 2342; x_wconf 84' lang='grc' dir='ltr'><strong><em>καὶ</em></strong></span> <span class='ocrx_word' id='word_1_94' title='bbox 1095 2273 1169 2342; x_wconf 89' lang='grc' dir='ltr'><strong><em>άνα-</em></strong></span> 
     </span>
     <span class='ocr_line' id='line_1_13' title="bbox 220 2379 1166 2472; baseline -0.007 -21"><span class='ocrx_word' id='word_1_95' title='bbox 220 2383 416 2472; x_wconf 83' lang='grc' dir='ltr'><strong><em>χωρήσαντος</em></strong></span> <span class='ocrx_word' id='word_1_96' title='bbox 445 2386 502 2449; x_wconf 81' lang='grc' dir='ltr'><strong><em>τοῦ</em></strong></span> <span class='ocrx_word' id='word_1_97' title='bbox 520 2379 671 2450; x_wconf 76' lang='grc' dir='ltr'><strong><em>Ὠκεανοῦ</em></strong></span> <span class='ocrx_word' id='word_1_98' title='bbox 692 2389 889 2472; x_wconf 84' lang='grc' dir='ltr'><strong><em>παραγίνεται</em></strong></span> <span class='ocrx_word' id='word_1_99' title='bbox 905 2380 953 2448; x_wconf 78' lang='grc' dir='ltr'><strong><em>Ἰὼ</em></strong></span> <span class='ocrx_word' id='word_1_100' title='bbox 974 2379 1166 2464; x_wconf 85' lang='grc' dir='ltr'><strong><em>πλανωμένη,</em></strong></span> 
     </span>
     <span class='ocr_line' id='line_1_14' title="bbox 220 2486 1168 2578; baseline -0.006 -20"><span class='ocrx_word' id='word_1_101' title='bbox 220 2491 242 2578; x_wconf 77' lang='grc' dir='ltr'><strong><em>ἡ</em></strong></span> <span class='ocrx_word' id='word_1_102' title='bbox 263 2495 320 2558; x_wconf 82' lang='grc' dir='ltr'><strong><em>τοῦ</em></strong></span> <span class='ocrx_word' id='word_1_103' title='bbox 338 2487 472 2575; x_wconf 90' lang='grc' dir='ltr'><strong><em>Ἰνάχου,</em></strong></span> <span class='ocrx_word' id='word_1_104' title='bbox 494 2491 547 2556; x_wconf 81' lang='grc' dir='ltr'><strong><em>καὶ</em></strong></span> <span class='ocrx_word' id='word_1_105' title='bbox 566 2489 718 2575; x_wconf 80' lang='grc' dir='ltr'><strong><em>μανθάνει</em></strong></span> <span class='ocrx_word' id='word_1_106' title='bbox 738 2487 812 2578; x_wconf 89' lang='grc' dir='ltr'><strong><em>παρ’</em></strong></span> <span class='ocrx_word' id='word_1_107' title='bbox 830 2486 929 2556; x_wconf 80' lang='grc' dir='ltr'><strong><em>αὐτοῦ</em></strong></span> <span class='ocrx_word' id='word_1_108' title='bbox 948 2488 968 2554; x_wconf 85' lang='grc' dir='ltr'><strong><em>ά</em></strong></span> <span class='ocrx_word' id='word_1_109' title='bbox 986 2492 1017 2554; x_wconf 76' lang='grc' dir='ltr'><strong><em>τε</em></strong></span> <span class='ocrx_word' id='word_1_110' title='bbox 1032 2486 1168 2554; x_wconf 85' lang='grc' dir='ltr'><strong><em>πέπονθε</em></strong></span> 
     </span>
     <span class='ocr_line' id='line_1_15' title="bbox 221 2590 1169 2680; baseline -0.006 -15"><span class='ocrx_word' id='word_1_111' title='bbox 221 2599 275 2665; x_wconf 79' lang='grc' dir='ltr'><strong><em>καλ</em></strong></span> <span class='ocrx_word' id='word_1_112' title='bbox 303 2597 323 2663; x_wconf 81' lang='grc' dir='ltr'><strong><em>ά</em></strong></span> <span class='ocrx_word' id='word_1_113' title='bbox 348 2621 379 2662; x_wconf 91' lang='grc' dir='ltr'><strong><em>τε</em></strong></span> <span class='ocrx_word' id='word_1_114' title='bbox 404 2599 549 2679; x_wconf 78' lang='grc' dir='ltr'><strong><em>πείσεται,</em></strong></span> <span class='ocrx_word' id='word_1_115' title='bbox 576 2598 628 2664; x_wconf 84' lang='grc' dir='ltr'><strong><em>καὶ</em></strong></span> <span class='ocrx_word' id='word_1_116' title='bbox 654 2595 702 2663; x_wconf 81' lang='grc' dir='ltr'><strong><em>ὅτι</em></strong></span> <span class='ocrx_word' id='word_1_117' title='bbox 727 2597 772 2674; x_wconf 81' lang='grc' dir='ltr'><strong><em>τὶς</em></strong></span> <span class='ocrx_word' id='word_1_118' title='bbox 797 2600 860 2662; x_wconf 79' lang='grc' dir='ltr'><strong><em>τῶν</em></strong></span> <span class='ocrx_word' id='word_1_119' title='bbox 887 2593 983 2680; x_wconf 81' lang='grc' dir='ltr'><strong><em>αὐτῆς</em></strong></span> <span class='ocrx_word' id='word_1_120' title='bbox 1004 2590 1169 2674; x_wconf 77' lang='grc' dir='ltr'><strong><em>ἀπογόνων</em></strong></span> 
     </span>
     <span class='ocr_line' id='line_1_16' title="bbox 222 2695 1169 2791; baseline -0.008 -20"><span class='ocrx_word' id='word_1_121' title='bbox 222 2704 307 2771; x_wconf 83' lang='grc' dir='ltr'><strong><em>λύσει</em></strong></span> <span class='ocrx_word' id='word_1_122' title='bbox 336 2700 446 2786; x_wconf 84' lang='grc' dir='ltr'><strong><em>αὐτὸν,</em></strong></span> <span class='ocrx_word' id='word_1_123' title='bbox 479 2703 514 2780; x_wconf 84' lang='grc' dir='ltr'><strong><em>ὃς</em></strong></span> <span class='ocrx_word' id='word_1_124' title='bbox 533 2695 573 2789; x_wconf 78' lang='grc' dir='ltr'><strong><em>ἦν</em></strong></span> <span class='ocrx_word' id='word_1_125' title='bbox 595 2702 612 2770; x_wconf 87' lang='grc' dir='ltr'>ὁ</span> <span class='ocrx_word' id='word_1_126' title='bbox 633 2701 709 2782; x_wconf 82' lang='grc' dir='ltr'><strong><em>Διὸς</em></strong></span> <span class='ocrx_word' id='word_1_127' title='bbox 724 2702 893 2791; x_wconf 82' lang='grc' dir='ltr'><strong><em>Ἡρακλῆς,</em></strong></span> <span class='ocrx_word' id='word_1_128' title='bbox 921 2702 973 2767; x_wconf 80' lang='grc' dir='ltr'><strong><em>καὶ</em></strong></span> <span class='ocrx_word' id='word_1_129' title='bbox 993 2697 1040 2764; x_wconf 85' lang='grc' dir='ltr'><strong><em>ὅτι</em></strong></span> <span class='ocrx_word' id='word_1_130' title='bbox 1060 2696 1094 2763; x_wconf 89' lang='grc' dir='ltr'><strong><em>έκ</em></strong></span> <span class='ocrx_word' id='word_1_131' title='bbox 1113 2703 1169 2785; x_wconf 83' lang='grc' dir='ltr'><strong><em>της</em></strong></span> 
     </span>
     <span class='ocr_line' id='line_1_17' title="bbox 222 2807 1168 2899; baseline -0.006 -20"><span class='ocrx_word' id='word_1_132' title='bbox 222 2811 403 2899; x_wconf 79' lang='grc' dir='ltr'><strong><em>έπαφήσεως</em></strong></span> <span class='ocrx_word' id='word_1_133' title='bbox 432 2815 489 2877; x_wconf 85' lang='grc' dir='ltr'><strong><em>τοῦ</em></strong></span> <span class='ocrx_word' id='word_1_134' title='bbox 518 2809 595 2888; x_wconf 88' lang='grc' dir='ltr'><strong><em>Διὸς</em></strong></span> <span class='ocrx_word' id='word_1_135' title='bbox 621 2809 694 2890; x_wconf 83' lang='grc' dir='ltr'><strong><em>τέξει</em></strong></span> <span class='ocrx_word' id='word_1_136' title='bbox 724 2810 780 2877; x_wconf 88' lang='grc' dir='ltr'><strong><em>τὸν</em></strong></span> <span class='ocrx_word' id='word_1_137' title='bbox 802 2807 955 2894; x_wconf 85' lang='grc' dir='ltr'><strong><em>Ἔπαφον.</em></strong></span> <span class='ocrx_word' id='word_1_138' title='bbox 996 2812 1168 2892; x_wconf 83' lang='grc' dir='ltr'><strong><em>θρασυστο-</em></strong></span> 
     </span>
     <span class='ocr_line' id='line_1_18' title="bbox 223 2910 1169 3005; baseline -0.005 -19"><span class='ocrx_word' id='word_1_139' title='bbox 223 2924 332 3005; x_wconf 83' lang='grc' dir='ltr'><strong><em>μοῦντι</em></strong></span> <span class='ocrx_word' id='word_1_140' title='bbox 364 2918 396 2984; x_wconf 82' lang='grc' dir='ltr'><strong><em>δέ</em></strong></span> <span class='ocrx_word' id='word_1_141' title='bbox 430 2925 594 3005; x_wconf 84' lang='grc' dir='ltr'><strong><em>Προμηθεῖ</em></strong></span> <span class='ocrx_word' id='word_1_142' title='bbox 616 2915 694 2983; x_wconf 86' lang='grc' dir='ltr'><strong><em>κατά</em></strong></span> <span class='ocrx_word' id='word_1_143' title='bbox 724 2914 815 2998; x_wconf 87' lang='grc' dir='ltr'><strong><em>Διὸς,</em></strong></span> <span class='ocrx_word' id='word_1_144' title='bbox 848 2913 890 2992; x_wconf 79' lang='grc' dir='ltr'><strong><em>ὡς</em></strong></span> <span class='ocrx_word' id='word_1_145' title='bbox 921 2910 1086 2980; x_wconf 87' lang='grc' dir='ltr'><strong><em>έκπεσεῖται</em></strong></span> <span class='ocrx_word' id='word_1_146' title='bbox 1114 2921 1169 3000; x_wconf 84' lang='grc' dir='ltr'><strong><em>τῆς</em></strong></span> 
     </span>
     <span class='ocr_line' id='line_1_19' title="bbox 224 3016 1169 3116; baseline -0.007 -23"><span class='ocrx_word' id='word_1_147' title='bbox 224 3025 318 3116; x_wconf 79' lang='grc' dir='ltr'><strong><em>ἀρχῆς</em></strong></span> <span class='ocrx_word' id='word_1_148' title='bbox 348 3022 406 3112; x_wconf 85' lang='grc' dir='ltr'><strong><em>ὑφ’</em></strong></span> <span class='ocrx_word' id='word_1_149' title='bbox 431 3016 470 3091; x_wconf 81' lang='grc' dir='ltr'><strong><em>οὗ</em></strong></span> <span class='ocrx_word' id='word_1_150' title='bbox 490 3023 602 3104; x_wconf 83' lang='grc' dir='ltr'><strong><em>τέξεται</em></strong></span> <span class='ocrx_word' id='word_1_151' title='bbox 621 3022 744 3105; x_wconf 78' lang='grc' dir='ltr'><strong><em>παιδὸς,</em></strong></span> <span class='ocrx_word' id='word_1_152' title='bbox 771 3023 824 3089; x_wconf 83' lang='grc' dir='ltr'><strong><em>καλ</em></strong></span> <span class='ocrx_word' id='word_1_153' title='bbox 845 3022 920 3088; x_wconf 87' lang='grc' dir='ltr'><strong><em>άλλα</em></strong></span> <span class='ocrx_word' id='word_1_154' title='bbox 940 3021 1105 3107; x_wconf 80' lang='grc' dir='ltr'><strong><em>βλάσφημα</em></strong></span> <span class='ocrx_word' id='word_1_155' title='bbox 1124 3020 1169 3087; x_wconf 90' lang='grc' dir='ltr'><strong><em>λέ-</em></strong></span> 
     </span>
     <span class='ocr_line' id='line_1_20' title="bbox 225 3126 1170 3220; baseline -0.005 -20"><span class='ocrx_word' id='word_1_156' title='bbox 225 3159 324 3220; x_wconf 80' lang='grc' dir='ltr'><strong><em>γοντι,</em></strong></span> <span class='ocrx_word' id='word_1_157' title='bbox 352 3136 547 3220; x_wconf 78' lang='grc' dir='ltr'><strong><em>παραγίνεται</em></strong></span> <span class='ocrx_word' id='word_1_158' title='bbox 570 3129 696 3218; x_wconf 83' lang='grc' dir='ltr'><strong><em>Ἑρμῆς,</em></strong></span> <span class='ocrx_word' id='word_1_159' title='bbox 723 3127 800 3206; x_wconf 86' lang='grc' dir='ltr'><strong><em>Διὸς</em></strong></span> <span class='ocrx_word' id='word_1_160' title='bbox 819 3127 1010 3213; x_wconf 85' lang='grc' dir='ltr'><strong><em>πέμψαντος,</em></strong></span> <span class='ocrx_word' id='word_1_161' title='bbox 1038 3126 1170 3195; x_wconf 77' lang='grc' dir='ltr'><strong><em>ἀπειλῶν</em></strong></span> 
     </span>
     <span class='ocr_line' id='line_1_21' title="bbox 226 3233 1169 3332; baseline -0.01 -23"><span class='ocrx_word' id='word_1_162' title='bbox 226 3239 311 3332; x_wconf 78' lang='grc' dir='ltr'><strong><em>αὐτῷ</em></strong></span> <span class='ocrx_word' id='word_1_163' title='bbox 336 3237 503 3324; x_wconf 86' lang='grc' dir='ltr'><strong><em>κεραυνὸν,</em></strong></span> <span class='ocrx_word' id='word_1_164' title='bbox 530 3242 557 3306; x_wconf 83' lang='grc' dir='ltr'><strong><em>ελ</em></strong></span> <span class='ocrx_word' id='word_1_165' title='bbox 587 3236 628 3324; x_wconf 81' lang='grc' dir='ltr'><strong><em>μὴ</em></strong></span> <span class='ocrx_word' id='word_1_166' title='bbox 654 3235 692 3302; x_wconf 83' lang='grc' dir='ltr'><strong><em>τά</em></strong></span> <span class='ocrx_word' id='word_1_167' title='bbox 718 3233 865 3321; x_wconf 89' lang='grc' dir='ltr'><strong><em>μέλλοντα</em></strong></span> <span class='ocrx_word' id='word_1_168' title='bbox 887 3235 1099 3322; x_wconf 82' lang='grc' dir='ltr'><strong><em>συμβήσεσθαι</em></strong></span> <span class='ocrx_word' id='word_1_169' title='bbox 1124 3238 1169 3322; x_wconf 76' lang='grc' dir='ltr'><strong><em>τῷ</em></strong></span> 
     </span>
    </p>
   </div>
   <div class='ocr_carea' id='block_1_3' title="bbox 293 3508 1171 3589">
    <p class='ocr_par' dir='ltr' id='par_1_3' title="bbox 293 3508 1171 3589">
     <span class='ocr_line' id='line_1_22' title="bbox 293 3508 1171 3589; baseline -0.011 -19"><span class='ocrx_word' id='word_1_170' title='bbox 293 3521 322 3588; x_wconf 88' lang='grc'><strong><em>1)</em></strong></span> <span class='ocrx_word' id='word_1_171' title='bbox 335 3519 516 3589; x_wconf 80' lang='grc' dir='ltr'><strong><em>παρεγίνοντο</em></strong></span> <span class='ocrx_word' id='word_1_172' title='bbox 529 3512 596 3566; x_wconf 75' lang='lat' dir='ltr'><strong>nob.</strong></span> <span class='ocrx_word' id='word_1_173' title='bbox 610 3517 803 3584; x_wconf 69' lang='grc' dir='ltr'><strong><em>παραγίνονται</em></strong></span> <span class='ocrx_word' id='word_1_174' title='bbox 818 3512 877 3566; x_wconf 77' lang='grc' dir='ltr'><strong><em>Αλᾶ.</em></strong></span> <span class='ocrx_word' id='word_1_175' title='bbox 908 3510 937 3577; x_wconf 77' lang='lat'><strong><em>2)</em></strong></span> <span class='ocrx_word' id='word_1_176' title='bbox 950 3510 1091 3579; x_wconf 82' lang='grc' dir='ltr'><strong><em>Ὠκεανῆαι</em></strong></span> <span class='ocrx_word' id='word_1_177' title='bbox 1102 3508 1171 3561; x_wconf 88' lang='lat' dir='ltr'><strong>Rob.</strong></span> 
     </span>
    </p>
   </div>
   <div class='ocr_carea' id='block_1_4' title="bbox 0 0 1236 4116">
    <p class='ocr_par' dir='ltr' id='par_1_4' title="bbox 0 0 1236 4116">
     <span class='ocr_line' id='line_1_23' title="bbox 0 0 1236 4116; baseline 0 0"><span class='ocrx_word' id='word_1_178' title='bbox 0 0 1236 4116; x_wconf 95' lang='lat' dir='ltr'><strong><em> </em></strong></span> 
     </span>
    </p>
   </div>
  </div>
 </body>
</html>
