2436 4116
157 325 223 386 228
238 313 247 333 “
477 313 809 379 COMMENTARIUS

160 487 247 569 χωρὶς
277 479 384 564 φόβου.
427 479 460 545 τύ
490 480 612 565 ἀταρβεῖ
638 482 710 564 χειρὶ
736 479 809 563 λέγει
835 477 900 543 uiuri
924 487 978 544 τοῦ
1006 480 1062 546 οὐκ
1081 485 1127 546 iuri

161 592 259 671 κακῷ,
282 579 343 646 ἄλλ’
370 580 418 643 ἐπὶ
439 588 517 666 καλῷ
538 579 629 662 αὐτῆς
649 576 753 662 θιγών.
787 578 886 641 501101.
910 580 944 642 Β.

228 683 265 745 V.
286 681 359 744 852.
404 685 475 741 τῶν
495 677 590 754 Διὸς
617 674 859 763 γεννημάτων.
903 677 1004 742 schot.
1030 678 1061 742 B.
1084 680 1127 743 vi·

165 785 252 845 detur
272 778 351 841 hune
374 776 470 841 loeum
492 777 805 860 reeteiuterpretatus
827 797 907 851 esse,
931 797 1021 861 quum
1042 778 1125 841 dicits

165 874 350 965 γεννημάτων
378 872 452 950 Διὸς
480 876 554 960 λέγει
574 876 640 958 περὶ
661 882 713 955 τής
734 875 867 955 ἕπαωής,
895 874 970 956 αύτη
991 871 1047 959 γὰρ
1067 874 1128 940 cirri

166 979 326 1058 σπέρματος
353 971 482 1057 ήρκεοεν.
524 975 619 1050 Nam,
650 984 683 1035 ut
702 973 768 1036 libri
789 976 939 1048 scribunt,
971 971 1008 1037 τύ
1030 972 1127 1058 γεννή-

168 1103 243 1161 ματα
264 1072 337 1148 Διὸς
356 1074 451 1157 posita
473 1084 543 1138 sunt
565 1075 595 1135 in
624 1072 672 1136 itta
694 1073 925 1137 contrectatione
946 1083 977 1136 et
996 1074 1049 1138 itto
1071 1075 1127 1138 leni

167 1190 267 1252 taetu,
297 1195 355 1256 quo
383 1172 504 1255 gravida
531 1175 606 1236 iacta
629 1181 675 1234 est
695 1169 741 1233 Jo.
786 1170 887 1254 itaque
911 1170 948 1235 τὰ
967 1172 1127 1256 γεννήματα

168 1287 238 1340 sunt
258 1283 299 1357 ,ut
320 1273 360 1335 ita
383 1268 476 1356 dicam
504 1267 667 1352 θιγήματα,
700 1289 774 1351 quae
794 1290 852 1330 nnn
875 1269 971 1332 solum
992 1273 1030 1334 ad
1051 1273 1127 1336 vale·

104 1392 110 1400 ·
167 1357 298 1446 tudinem
320 1368 396 1451 *ejus
428 1366 657 1438 restituendam,
691 1385 777 1448 quam
807 1365 869 1429 solu
901 1367 1056 1433 vuluntate
1077 1390 1127 1433 sua

167 1468 325 1532 restituere
343 1467 486 1550 potuisset
501 1464 625 1548 Jupiter,
646 1484 750 1527 verum
769 1463 856 1527 etiam
875 1465 910 1527 aul
928 1469 1126 1548 generantium

168 1566 259 1630 fitium
289 1563 349 1628 vim
376 1565 565 1627 exeruebant.
611 1561 705 1624 Verba
725 1562 957 1645 ipsasuudent,
989 1577 1025 1630 ut
1046 1566 1126 1630 luens

169 1666 212 1728 sie
238 1662 437 1745 intelligatur,
468 1683 525 1745 quo
555 1658 626 1722 nihil
653 1659 828 1741 expeditius.
886 1661 1006 1726 Numen
1036 1664 1125 1749 ipsum

159 1760 302 1839 Ἔπαφον
322 1760 533 1840 quodammodo
555 1758 681 1842 explieat
701 1755 738 1820 τύ
762 1756 930 1842 γεννήματα.
975 1760 1072 1840 Quare
1091 1762 1125 1824 ad

168 1860 355 1940 conjecturas
377 1877 436 1919 nun
459 1857 615 1940 coniugio,
639 1878 734 1940 neque
756 1861 846 1940 probo
865 1855 1034 1943 θιγήματα,
1054 1862 1125 1945 quud

167 1955 333 2020 Brunekius
355 1967 475 2019 auctore
498 1956 664 2042 Peyraredu
685 1955 918 2040 Schuetziusque
940 1970 1122 2042 receperunt,

167 2054 340 2120 vocabulum
361 2075 455 2138 neque
475 2054 582 2119 idonea
594 2056 767 2120 auctoritate
785 2056 927 2119 munitum
946 2078 1046 2141 neque
1059 2078 1125 2121 aua·

167 2155 263 2240 lagiae
284 2154 497 2219 convenienter
518 2148 686 2219 fo'rmatum.

228 2253 264 2317 V.
288 2255 362 2319 853.
405 2250 651 2335 καρπώσεται,
676 2250 808 2335 κτήσεται
830 2254 927 2317 Schoi.
953 2254 987 2318 B.

226 2351 264 2415 V.
283 2352 356 2416 855.
376 2371 440 2434 sqq.
472 2352 583 2434 γέννα
603 2350 928 2434 πεντηκοντάπαις
949 2351 1122 2435 θηλύσπο·

166 2474 230 2532 ρος
258 2461 305 2514 est
325 2472 426 2534 genus
446 2471 464 2512 ε
484 2455 712 2536 quinquaginta
728 2453 842 2533 puellis
862 2460 1022 2514 constane.
1058 2446 1140 2531 πέμ

165 2574 241 2629 πτην
268 2550 372 2633 γένναν
396 2547 448 2612 τὸν
476 2547 596 2613 Δαναὸν
623 2550 697 2633 λέγει
723 2547 869 2633 φεύγοντα
889 2551 929 2623 εἰς
948 2545 1059 2634 ’Ἁργος
1074 2545 1120 2611 riui

164 2643 197 2709 τὸ
224 2644 263 2725 μή
291 2645 453 2726 βούλεσθαι
482 2656 541 2712 τῶν
567 2646 659 2711 αὐτοῦ
686 2649 856 2732 θυγατέρων
879 2645 973 2732 γέμον
996 2645 1119 2727 σννύιγαι

165 2750 226 2815 τοῖς
247 2741 338 2806 αὐτοῦ
366 2745 496 2827 ἀδελφοῦ
517 2744 670 2830 Αἰγύπτου
691 2748 781 2809 παισί.
815 2746 913 2810 801101.
938 2745 973 2809 Β.
1009 2748 1053 2810 De
1072 2747 1118 2808 hau
1161 2750 1163 2755 ⁴

163 2841 287 2905 historia
317 2845 397 2908 euni.
430 2857 634 2930 argumentum
658 2846 819 2908 Danaidum
841 2843 980 2930 Aeschyii
1002 2867 1029 2908 s.
1054 2847 1118 2928 Suu·

163 2941 281 3025 pliuuur.
313 2944 459 3024 φοβηθεὶς
493 2942 511 3007 ὁ
538 2941 656 3018 Δαναὸς
687 2942 789 3025 μήπως
820 2942 1045 3027 ἀναιρεθήσεται
1066 2939 1118 3007 ainai

162 3048 220 3105 τῶν
241 3043 317 3106 υἷῶν
337 3038 489 3126 Αἰγύπτου
522 3035 575 3125 (ήν
594 3040 649 3126 γὰρ
668 3039 794 3126 χρησμὸς
816 3041 895 3130 αύτῷ
916 3044 1019 3118 δοθεὶς
1038 3039 1118 3106 πύλαι

160 3141 226 3222 περὶ
252 3138 371 3222 τούτου)
402 3148 477 3204 ναῦν
493 3140 688 3205 κατεσκεύασε
716 3138 769 3222 τήν
790 3149 949 3224 κληθεῖσαν
970 3138 1117 3224 πεντηκόν-

159 3262 245 3321 τορον
273 3237 315 3314 αἱς
344 3237 401 3302 ἆπὸ
429 3246 481 3302 τοῦ
511 3237 642 3321 ἀριθμοῦ
670 3232 712 3304 ὧν
734 3241 865 3323 ἐγέννησε
885 3243 1069 3326 θυγατέροιν·
1100 3231 1118 3325 ᾖ

157 3334 209 3411 τὰς
230 3340 339 3412 οἰκείας
359 3336 449 3422 κόρας
468 3339 639 3418 ἐνθέμενος,
663 3342 704 3414 εἰς
724 3336 879 3422 τό“”Αργος
900 3338 998 3428 ἆπήει,
1022 3335 1119 3424 φυγὼν

155 3432 206 3498 τὸν
228 3434 357 3517 ύὸελφὸν
377 3434 654 3531 αύτοῦΑλγυπτογ·
682 3436 715 3512 ὃς
736 3433 809 3518 εἶχεν
830 3434 915 3513 υἱούς
934 3439 1117 3522 πεντήκοντα,

154 3535 184 3594 οἳ
202 3531 254 3607 τοίς
273 3542 327 3600 τού
349 3541 470 3599 Δαναοῦ
491 3536 655 3618 θυγατέρας
676 3533 795 3619 ἐζήτουν
817 3536 865 3600 tart
885 3543 927 3624 τῷ
949 3546 1118 3620 συνοικήσει
