2436 4116
264 293 309 354 IN
331 293 534 359 Ausctrt’ut
559 294 776 370 PROMETH:
795 297 930 362 VINCT.
1014 304 1077 369 tut

116 457 412 543 explicet„omnino
444 471 490 527 est
511 463 585 527 odor
605 483 716 529 oneror
736 463 955 542 etohmuroo,
972 466 1020 531 eh
1042 488 1078 534 eo
1098 466 1102 477 ‘

116 558 264 636 veniens,
292 561 369 643 quod
397 561 577 653 ignoramus
592 572 623 626 ot
643 563 720 646 quod
739 559 821 627 oorni
845 563 955 646 nequit.
998 564 1081 633 θεό-

118 676 230 750 συτος
250 669 348 724 eutem
369 670 399 722 et
419 656 593 743 βρότειος
613 661 773 746 appellatur
789 661 874 737 odor,
897 663 984 746 enjus
1004 686 1082 735 orto·

117 768 218 823 rorem
244 758 293 822 vel
319 760 415 822 doum
442 759 491 823 vel
517 761 671 824 hominem
698 759 838 837 dicimus,
864 771 899 830 et,
913 746 1082 849 ,κειραμένη

119 853 198 940 ὀδμὴ
226 857 353 941 deniquo
382 867 430 921 est
457 857 484 920 is
513 859 602 936 otlor,
627 863 689 943 ‚qui
713 863 796 923 orote
823 862 862 926 oh
883 863 937 939 iis,
962 867 1024 951 'pur'
1040 885 1081 933 σε

118 957 243 1020 homino
265 965 295 1019 et
315 957 374 1021 deo
395 959 489 1020 ιιιίειι·
505 968 598 1032 sunt,
619 957 650 1022 h.
667 979 695 1022 e.
713 979 733 1023 ε
752 958 882 1028 semideo
903 981 1013 1045 genero
1032 986 1081 1031 or·

111 1065 181 1125 tus.
224 1055 283 1122 Alii
300 1056 460 1140 κεκραμένη
478 1053 553 1139 ὀδμὴ
569 1057 717 1141 eooipinnt
733 1057 769 1122 de
784 1079 821 1122 eo
839 1078 914 1122 sono
931 1071 961 1129 et
975 1063 1080 1142 odere,

119 1155 170 1242 qui
192 1156 228 1219 nh
250 1167 375 1240 utroque
397 1176 523 1240 genere,
559 1167 589 1220 et
607 1157 736 1225 *duorum
757 1166 788 1221 et
808 1156 960 1225 homiuum
974 1159 1082 1240 simul,

120 1255 334 1341 proficiscetur.
380 1253 462 1336 Quot
485 1253 555 1318 mihi
576 1276 636 1319 non
658 1257 810 1340 prohotum
830 1266 899 1333 est„
918 1272 1008 1342 ‘quum
1028 1261 1083 1329 vix

122 1353 260 1420 credibile
286 1354 344 1432 sit,
372 1354 578 1420 Prometheum
600 1363 721 1439 putasse
742 1352 876 1419 homines
895 1366 927 1424 ot
946 1358 1018 1423 deos
1039 1341 1082 1430 si·

121 1454 185 1520 mni
196 1449 486 1539 'adpropinquetnros
504 1473 585 1531 esse,
606 1452 686 1531 inter
702 1473 739 1519 so
751 1475 812 1525 non
828 1453 871 1520 itn
893 1458 1082 1541 oonjnnotos,

97 1564 158 1621 'ut
178 1553 255 1619 riom
277 1574 338 1618 nno
357 1552 474 1617 soleant
494 1554 602 1619 honere.
1029 1622 1030 1627 ἵ

99 1652 105 1661 ’
188 1654 346 1720 Caeterum
367 1652 504 1734 hoeuno
525 1653 591 1719 loro
608 1652 800 1719 Prometheus
821 1653 1006 1723 liberioribus
1029 1678 1089 1730 nus

118 1753 216 1825 ,meris
244 1753 392 1838 loquitur,
423 1775 513 1840 quom
538 1753 612 1819 oties
637 1774 755 1839 semper
779 1764 831 1820 ont
853 1754 961 1840 jamnis
984 1767 1085 1835 utetur

123 1863 176 1920 eut
195 1847 373 1939 onephestis.

185 1951 223 2019 V.
247 1954 449 2019 117-118.
502 1951 654 2017 Sententia
689 1952 794 2018 homm
826 1956 984 2021 verhomm
1018 1967 1084 2022 est:

125 2054 170 2118 od
188 2075 319 2131 emm,
342 2056 426 2138 quod
444 2057 477 2118 ιἰι
498 2055 644 2116 eontentio
660 2060 766 2116 terroe
781 2056 844 2116 orr‘o
862 2063 921 2126 est,
940 2061 1087 2138 oumpoo’o

124 2154 210 2219 uenit
239 2161 397 2238 spectator
429 2173 568 2216 meorum
600 2151 740 2216 laborum
766 2155 831 2214 sine
856 2153 933 2234 quid
959 2140 1097 2218 tandem*

125 2254 218 2319 olritd
240 2255 369 2316 volens?
897 2309 900 2313 .

190 2350 227 2417 V.
249 2351 321 2416 124.
364 2351 393 2415 ei
419 2345 485 2414 ποτ’
516 2337 564 2411 αὖ.
621 2346 744 2432 Propius
769 2346 944 2413 adveniente
974 2347 1086 2428 Choro,

126 2442 319 2530 Prometheus
340 2469 451 2514 novum
468 2446 621 2531 strepitum
640 2446 721 2511 outlit
740 2457 771 2512 et
787 2447 899 2512 elerum
919 2447 1088 2532 elongorom

127 2549 309 2636 distinguere
329 2548 449 2613 ourihns
471 2555 577 2631 potest.

141 2649 145 2656 '
191 2647 228 2715 V.
254 2650 325 2725 126.
369 2640 502 2732 ῥιπαῖς
523 2642 764 2729 ὑποσυρίζει,
785 2643 890 2731 sibilat
909 2643 953 2729 od
971 2651 1089 2735 moron

129 2747 260 2824 olorum,
281 2747 311 2811 h.
337 2769 364 2812 e.
388 2755 441 2813 otr'r
463 2746 550 2811 simul
570 2767 637 2808 enm
658 2743 712 2807 olis
734 2752 832 2806 sonat.

194 2846 232 2911 V.
254 2847 324 2911 127.
364 2845 507 2930 Quidquid
518 2842 742 2930 adpropinquat,
765 2839 835 2904 mihi
853 2852 964 2905 metum
981 2839 1089 2926 injicit.

130 2944 165 3010 τὸ
190 2947 353 3031 προςέριιον
380 2967 440 3010 non
462 2955 520 3008 tem
542 2944 577 3008 de
597 2947 715 3025 futuro
734 2951 888 3023 tempore,
916 2961 1002 3024 quem
1025 2963 1091 3025 pros

131 3045 195 3128 prie
217 3048 256 3107 de
278 3048 506 3122 accedentibus,
529 3045 696 3128 quicunque
717 3038 846 3114 inerint,
871 3040 1092 3123 intelligentium

134 3162 221 3217 esse,
252 3143 348 3206 Chori-
362 3145 455 3207 oratio
479 3145 618 3208 deoinrat.
671 3139 753 3204 Dixit
773 3139 888 3222 quidem
910 3159 998 3223 supro
1022 3139 1094 3222 Pro·

134 3240 287 3313 metheus,
318 3241 374 3304 sihi
395 3241 468 3304 nihil
489 3242 694 3326 necopinatum
715 3237 848 3302 arridere
869 3247 957 3318 etque
978 3257 1011 3299 se
1033 3258 1095 3299 om·

135 3341 186 3405 iria
207 3339 303 3415 seire,
327 3359 401 3421 quoe
421 3341 519 3403 futuro
542 3339 620 3412 sint,
643 3348 741 3402 temen
765 3355 880 3418 semper
902 3344 1034 3406 veretur,
1058 3355 1096 3398 ne
1132 3321 1142 3336 '

133 3439 194 3508 sihi
220 3439 372 3515 occidant,
404 3458 478 3521 quae
504 3435 701 3520 praeviderit,
729 3455 817 3518 quum
844 3434 986 3505 resistere
1014 3432 1096 3500 nnho

134 3539 223 3607 modo
244 3538 358 3625 possit,
379 3537 431 3616 sod
453 3535 551 3603 omnio
572 3534 717 3620 patienter
736 3534 815 3599 ferre
837 3540 970 3614 cogetur.
1049 3602 1053 3607 ,
1078 3574 1081 3579 -
1169 3596 1172 3601 .
