2436 4116
144 279 213 342 ara
454 279 780 377 corrobaramus

142 441 180 508 οὗ
201 445 344 526 φοβεῖται,
367 441 514 509 Διονόσον
533 442 572 527 μὴ
588 442 731 527 δεόμενος.
764 445 804 510 Et
818 443 973 510 Pescennii
991 443 1100 510 dietum

143 545 189 641 εί,
201 542 327 607 milites:
356 543 469 608 Nilum
488 547 609 609 Ιιαίεείε
628 553 660 608 et
681 549 787 608 vinum
806 548 977 628 qzeaerttto?
998 545 1044 611 ct.
1063 546 1100 609 ad

91 669 96 673 ·
138 664 170 708 v.
192 644 265 709 679.
368 685 370 689 ,
925 665 926 668 ¹

202 742 239 808 V·
258 741 332 807 815.
375 736 443 821 τὴν
462 744 649 827 τρίγωνον
671 742 706 816 ἐς
722 737 848 823 χθόνα,
869 736 1099 824 τὴνΑίγυπτον,

137 840 177 924 ἣν
197 839 248 904 καί
268 839 362 902 Δέλτα
380 846 520 905 καλοῦσιν
541 840 639 906 Sobel.
664 841 698 903 Β.
717 839 775 905 'Ob
796 841 920 925 figuram
941 839 1035 917 euim,
1058 838 1099 904 si·

91 999 98 1014 ,
138 939 199 1005 euti
220 937 330 1001 Sicilia.
953 960 955 964 ·

201 1038 332 1103 18816.
376 1034 444 1119 τὴν
465 1034 608 1120 μακράν
627 1033 822 1114 άποὶιιίαν,
854 1039 998 1120 longam,
1020 1034 1042 1099 i.
1066 1056 1096 1100 e.

137 1137 341 1223 longinquam,
363 1139 516 1199 coloniam
537 1136 617 1213 dicit,
642 1137 677 1199 ab
697 1136 751 1200 Jus
770 1135 863 1220 patria
880 1136 967 1219 longe
984 1134 1099 1198 distan-

136 1249 209 1302 tem.
232 1273 272 1284 —
293 1238 433 1313 κτίσαι,
456 1237 563 1298 οἰκίσαι
584 1235 682 1300 Sohol.
707 1235 743 1299 Α.
774 1241 896 1316 ποιῆσαι
916 1232 1003 1296 Sobol
1022 1234 1059 1296 Β.

200 1334 238 1400 V.
260 1335 334 1399 818.
377 1333 580 1414 ψελλόντε.
622 1329 747 1413 ψελλός,
777 1330 796 1397 o‘
815 1330 848 1396 τὸ
868 1336 956 1417 σίγμα
976 1330 1106 1415 παχύτε-Ι

137 1459 191 1518 ρον
206 1433 304 1518 λέγων.
341 1434 451 1514 ψελλί
457 1437 541 1510 ζειν,
562 1429 681 1513 ἀσήμως
696 1439 799 1497 λαλεῖν.
818 1432 946 1518 Hesyub.
974 1429 1098 1513 ψελλόν,

135 1530 326 1618 Βόςγνωστον,
347 1533 380 1597 in
394 1538 559 1614 μεταφοράς
577 1538 636 1594 τῶν
655 1529 845 1612 ψελλιζόντων
862 1534 977 1596 παίδων
993 1533 1094 1597 Sehoi.
1118 1592 1122 1599 .

134 1632 169 1697 Β.
202 1633 258 1696 Est
278 1631 370 1715 igitur
390 1631 479 1695 Βαλίε
500 1632 637 1707 dictum,
661 1633 785 1696 obscure
810 1631 987 1715 expositum.
1017 1715 1025 1721 .

196 1730 233 1797 V.
251 1730 324 1794 819.
358 1729 456 1803 Possit
470 1730 557 1793 scribi
571 1730 770 1807 ἐπανδίπλαζε,
793 1740 825 1793 ut
837 1731 962 1796 Eunoen.
977 1731 1093 1798 oeta.
1127 1750 1130 1754 ’

133 1829 350 1903 ἓπανὸιπλοίζω.

194 1926 231 1991 V·
254 1926 328 1991 821.
371 1925 619 2008 παρειμένον,
648 1927 818 2009 παροφθὲν,
845 1924 1094 2013 παραλελειμένον.

131 2025 230 2090 Βαλιολ.
253 2024 287 2087 Β.

197 2122 234 2187 V.
257 2122 330 2188 824.
376 2121 563 2202 μέμνησαι
587 2123 627 2184 δέ
648 2147 732 2200 πον,
761 2124 781 2188 i.
804 2146 831 2188 e.
855 2128 1006 2210 aiquidem
1026 2146 1094 2190 me-

129 2227 255 2287 mimbta'.
300 2221 346 2285 Cf.
370 2242 400 2284 r.
420 2221 530 2285 784-
549 2222 621 2286 787.

69 2377 72 2383 .
192 2322 229 2386 V.
246 2321 319 2385 825.
363 2318 557 2384 ΒαΒαεῑτίιιοε
582 2321 689 2397 „Soita
703 2321 749 2386 bio
765 2322 956 2387 Prometheus
969 2345 987 2387 a
1001 2344 1093 2408 quae·

129 2421 227 2486 stione
242 2417 339 2482 'Chori
369 2418 510 2493 deflectit,
541 2440 601 2484 uon
625 2420 719 2484 solum
739 2434 772 2486 ut
791 2421 845 2485 Jus
866 2422 1019 2486 historiam
1040 2424 1092 2486 ab·

128 2519 236 2591 solvat,
260 2518 310 2581 sed
334 2517 422 2581 etiam
439 2527 471 2580 ut
490 2521 684 2603 respondendi
707 2520 912 2584 necessitatem
929 2521 1090 2606 effugiat.“

125 2619 167 2685 At
193 2616 351 2700 respondet
371 2616 563 2681 Prometheus
590 2639 684 2701 neque
705 2618 858 2704 quidquam
880 2621 1090 2704 praetermittit

126 2737 247 2787 eorum,
279 2735 353 2797 quae
382 2715 566 2798 promiserat.
619 2719 749 2801 Exponit
778 2718 855 2781 enim
880 2719 989 2793 iniis,
1011 2741 1087 2803 quae

125 2823 305 2896 sequuntur,
329 2812 423 2876 ot'Jus
443 2823 508 2897 post
527 2835 644 2880 errores
663 2818 811 2881 fortunam
828 2828 988 2902 otpertum
1006 2819 1085 2904 ejus,

124 2933 143 2976 a
165 2934 222 2998 quo
244 2911 369 2975 vinouiis
392 2912 573 2976 liberabitur.

186 3010 224 3075 V.
247 3006 320 3075 828.
364 3008 568 3095 τεκμήριον
599 3020 717 3092 τοῦτο,
747 3011 780 3078 τό
799 3012 835 3077 τά
855 3012 989 3098 πρόσθεν
1009 3013 1085 3097 tosto

124 3109 223 3175 Schol.
247 3110 281 3173 B.
326 3106 454 3190 μόθων
474 3111 583 3192 ἐμῶν,
613 3110 666 3188 οὓς
687 3115 763 3196 ἔφην
784 3111 858 3203 αὐτῇ
878 3114 944 3197 περί
965 3119 1019 3196 τῆς
1036 3109 1082 3177 λά-

121 3234 194 3293 πης,
215 3204 336 3289 πλάνης.
365 3207 406 3274 bt.
572 3248 577 3253 ·
814 3292 816 3297 k

184 3306 221 3372 V·
243 3305 318 3372 829.
362 3304 486 3389 ὄχλον,
507 3305 539 3372 τό
560 3317 685 3392 πλῆθος.
713 3311 755 3375 id.
777 3301 847 3385 τοὺς
868 3309 920 3391 μὲν
940 3301 997 3374 οὖν
1014 3314 1079 3372 πολ-

120 3402 190 3480 λοὺς
213 3401 318 3488 λόγους
345 3404 438 3484 ἐάσω,
467 3405 541 3492 πρὸς
561 3407 632 3472 αὐτὸ
655 3408 687 3472 tt
706 3408 739 3476 τό
760 3406 920 3492 κεφάλαιον
941 3414 1002 3472 τῶν
1022 3410 1079 3470 σῶν

117 3501 312 3587 πλανημάτων
332 3502 500 3589 πορεύομαι.
534 3508 632 3573 Sobel.
657 3508 694 3573 Α.
