2436 4116
136 313 204 378 rua
318 304 373 397 ⁴·
455 307 782 376 commeruimus
881 386 887 396 s

195 477 233 544 V.
261 468 328 544 128.
362 496 426 561 sqq.
485 476 699 562 Argumentum
717 475 823 561 'hujus
854 472 996 540 carminis
1018 458 1092 541 'ests

54 590 58 597 ’
135 577 272 653 Chorus,
308 575 356 659 qui
385 574 487 640 ultima
513 579 605 641 vcrhn
629 572 770 659 (φοβερὸν
795 571 828 639 τὸ
853 578 917 659 rep.)
946 575 1092 653 audieret,

133 676 292 763 respondet
314 675 506 752 Prometheo,
529 696 589 739 non
611 693 696 749 esse,
721 675 799 759 quod
821 684 950 751 mutante
971 695 1042 739 nam
1061 696 1093 740 sc

133 778 259 845 uaricem
282 773 309 839 ei
331 795 398 839 esse
419 775 589 853 cohortem,
615 794 708 858 quae,
730 773 779 839 uhi
800 773 926 859 prinum
947 773 1093 860 acceperit

18 943 29 953 ,
130 873 206 951 ¹terri
226 875 369 960 quendam
391 874 549 938 terribilem
571 874 743 959 strepitum,
773 873 923 940 curriculo
943 874 1023 940 alato
1043 874 1092 939 ad·

132 985 220 1041 recta
243 973 293 1038 sit.
335 973 423 1038 duhet
442 973 491 1038 ille
513 974 695 1059 respondens
717 973 839 1059 adspici,
861 993 938 1058 quae
952 973 1009 1039 sihi
1025 992 1091 1038 sors

133 1071 281 1139 acciderit.
326 1071 510 1138 Oceanitides
532 1073 717 1157 profitentur,
741 1093 774 1137 se
794 1074 862 1158 ejus
882 1074 1022 1159 adspectu
1037 1094 1090 1162 ue·

131 1171 285 1238 humenter
305 1182 466 1237 commotas
488 1191 568 1246 esse,
591 1180 621 1235 et
641 1170 671 1234 in
693 1170 800 1237 dorent
810 1183 1003 1257 caeterosque
1021 1175 1090 1241 deus

127 1273 264 1360 juniores
290 1271 481 1337 invehuntur.
530 1269 722 1336 Prometheus
749 1272 781 1337 in
809 1268 965 1338 Turturum
994 1274 1089 1360 potius

124 1395 166 1447 se
186 1374 330 1458 deJectum
353 1392 421 1436 esse
442 1381 539 1456 optat,
561 1391 646 1455 quam
666 1370 716 1436 tali
733 1392 826 1456 poena
845 1371 877 1437 in
895 1371 1024 1440 hostium
1045 1374 1089 1452 tn-

129 1473 256 1538 tlihrinm
271 1471 417 1535 allectum.
462 1470 578 1535 Chorus
599 1472 768 1556 respondet,
792 1472 915 1538 ludihrio
937 1495 1005 1540 eum
1021 1495 1087 1541 esse

131 1572 255 1647 nemini,
278 1582 483 1657 praeterquam
504 1569 583 1647 dori,
607 1572 656 1656 qui
678 1583 823 1660 tyrannus
844 1571 885 1638 sit
902 1584 1087 1640 caeterorum

129 1674 261 1744 omnium
288 1672 342 1738 rix
368 1673 516 1737 terendus.
561 1671 612 1736 llle
633 1672 777 1750 affirmat,
806 1672 909 1740 dorem
931 1675 1087 1761 aliquanda

128 1794 223 1859 regnu
251 1782 373 1838 exutum
402 1771 457 1848 iri3
487 1773 534 1848 id,
562 1774 706 1856 quomodo
728 1775 857 1839 futurum
885 1775 943 1850 sit,
974 1797 1008 1842 se
1028 1799 1086 1842 nou

129 1895 198 1940 esse
217 1872 426 1949 iudicaturum,
448 1872 616 1959 priusquam
635 1873 774 1939 liberatus
796 1875 836 1940 sit
857 1897 875 1940 e
894 1875 1023 1941 vinculis
1044 1888 1086 1942 ut-

125 1994 186 2060 -tpue
209 1963 322 2059 Jupiter
344 1972 371 2037 ei
393 1972 564 2038 satisfacere
588 1974 784 2039 constituerit.
829 1974 1015 2041 Oceartitides
1033 1977 1085 2041 mi·

127 2085 234 2141 rantur
253 2083 283 2139 et
303 2071 520 2156 reprehendunt
541 2073 705 2138 Promethei
728 2075 893 2158 superhiam
915 2087 1004 2160 atque
1021 2099 1086 2163 per·

125 2173 277 2247 tinaciam,
300 2183 452 2250 verentes,
473 2194 511 2239 ne
531 2174 597 2260 ejus
619 2194 686 2237 sors
708 2195 855 2257 uunquam
874 2175 905 2239 in
925 2176 1084 2242 feliciorem

126 2285 235 2348 statum
258 2284 461 2348 eonrertatur,
484 2295 572 2356 quum
592 2272 706 2358 Jupiter
730 2283 876 2359 tyrannus
897 2274 937 2340 uit
961 2277 1084 2343 durissi-

125 2395 192 2440 mus
214 2385 243 2439 et
264 2373 362 2437 animo
384 2372 583 2456 implacabilis.
626 2374 666 2437 Aa
687 2369 785 2436 mitent
808 2394 874 2437 eum
887 2375 1084 2463 ·lore,·quum

124 2473 157 2539 in
178 2473 248 2537 illud
271 2471 429 2558 periculum
451 2471 604 2548 inciderit,
626 2473 776 2537 contendit
794 2473 998 2541 Prometheus.

187 2591 231 2653 lle
252 2588 383 2653 numeris
406 2588 508 2652 harum
530 2588 736 2702 stropharum,
767 2611 840 2673 quas
861 2592 1023 2657 secundum
1044 2593 1079 2659 G

123 2688 266 2754 Dindurlii
288 2686 431 2751 rationem
453 2684 637 2771 disposui,v
617 2689 736 2772 mejus
752 2689 947 2754 Comment'
938 2712 970 2755 tn
982 2690 1079 2778 '.Scph

123 2788 196 2851 0ed.
221 2787 293 2874 Tyr.
317 2785 436 2851 ntea
459 2787 505 2849 ed
527 2786 615 2871 Aegl
661 2787 740 2853 llaec
761 2788 812 2855 ille
829 2800 956 2874 quatuor
971 2814 1082 2877 genera

121 2886 253 2973 ejusdem
276 2906 432 2950 mensurae
455 2896 682 2951 commemorat.

118 3456 206 3524 hlulle
226 3469 258 3523 et
277 3479 369 3524 suave
389 3480 507 3524 carmen
528 3471 586 3539 est,
610 3462 741 3527 numeris
762 3462 889 3539 levihos,
912 3481 973 3526 uon
993 3483 1079 3548 aspe-
1126 3442 1129 3447 ’

118 3557 172 3621 ris.
217 3557 271 3622 Sin
299 3558 346 3624 cui
374 3580 480 3628 uersus
507 3560 595 3626 nimis
620 3563 700 3648 longi
728 3585 746 3630 u
772 3561 859 3628 nohis
882 3562 986 3628 tellit
1008 3582 1078 3628 esse
