2436 4116
271 295 315 355 IN
338 295 541 357 nuscum
563 295 774 358 Puontuctt.
799 297 935 359 t'trtcc.
1011 299 1081 361 210

178 456 215 520 V.
240 459 314 524 994.
358 457 449 543 πρὸς
470 468 598 536 τοῦτο,
621 484 650 524 v.
676 461 711 524 ati
734 484 763 524 v.
783 461 856 528 917.

181 557 221 621 V.
243 559 316 624 995·
361 557 591 641 βροντήμασι
612 569 678 641 xit„
701 570 782 624 recte
799 560 984 625 Blomiieldus
1000 566 1080 626 tuni·

116 664 171 718 tru
199 659 455 733 subterraneum,
489 662 582 742 quale
617 664 650 722 in
676 668 780 723 terroe
808 669 893 724 motu
921 663 1080 738 audiatur,

116 754 274 838 iutelligit,
302 757 425 821 laudons
452 757 554 840 Eurip.
578 757 691 840 Hippoi.
722 778 753 820 v.
779 756 870 819 1217.
899 756 1022 838 χθόνιος
1041 755 1082 835 ὥς

115 849 224 936 βροντὴ
252 852 334 929 Διός.
383 854 458 918 Nam
485 856 520 918 de
549 876 621 918 vero
642 858 759 918 tonitru
781 854 919 937 loquutus
943 867 990 921 ost
1010 857 1082 922 Pro·

116 951 254 1014 metheus
277 973 386 1028 versu,
410 952 458 1035 qui
482 953 640 1036 praecedit,
664 953 811 1035 ῥιπτέσθω
831 951 884 1033 μὲν
898 955 1081 1019 αἰθαλοῦσσα

117 1045 209 1128 φλὸξ,
235 1052 311 1132 quod
330 1050 428 1114 Schol.
450 1051 482 1114 B.
503 1049 648 1134 σίστραιιαί
663 1075 692 1114 τε
709 1051 759 1115 κοιλ
776 1048 918 1135 κεραυνὸς
934 1054 1008 1116 benc
1028 1074 1081 1118 cx·

116 1148 216 1231 plicat.
262 1148 385 1212 Erravit
405 1148 495 1232 igitur
517 1150 703 1214 Schuetzius.

181 1246 216 1310 V.
239 1247 311 1310 996.
356 1253 488 1334 κοκᾷν,
522 1249 636 1332 proprie
665 1244 812 1330 ταράττειν
840 1244 876 1309 τὰ
896 1245 1017 1326 ἄλφιτα,
1048 1261 1081 1314 ut

116 1343 239 1408 Photius
261 1345 314 1422 ait,
338 1345 441 1410 deinde
463 1346 583 1409 omnino
603 1356 648 1409 cst
668 1348 806 1420 turbore,
828 1350 965 1410 miscere.
990 1348 1078 1432 Soph.

117 1443 215 1506 Eieot.
240 1465 270 1507 v.
289 1442 362 1508 733.
387 1441 522 1509 κλύδωνα
541 1445 573 1507 ἐν
594 1445 671 1531 μέσῳ
691 1441 868 1524 κυκώμενον.

181 1541 482 1607 V.1001-1002.
528 1541 943 1624 τόλμησον-φρονεῖν.
987 1544 1081 1609 Hora·

118 1640 182 1702 tius
202 1639 351 1704 similiter:
383 1662 495 1722 copore
517 1645 617 1715 cude3
645 1649 755 1728 τολμᾷν
777 1652 822 1704 cst
842 1646 1013 1717 sustinere,
1046 1643 1081 1708 dc
1115 1624 1123 1637 ⁸

119 1739 226 1823 quovis
243 1740 366 1803 consilio
382 1741 503 1818 dictum,
526 1743 611 1826 cujus
630 1742 749 1805 audacia
768 1741 863 1823 aliqua
882 1751 928 1804 est
943 1741 1078 1824 capienti.

119 1839 210 1923 Soph.
244 1837 338 1901 Eleot.
368 1861 398 1903 v.
422 1842 513 1905 1051.
545 1847 651 1921 τολμᾶς
677 1841 813 1903 ἐπαινεῖν.
844 1839 945 1923 Eurip.
980 1839 1078 1924 Suppi.

118 1960 150 2001 v.
173 1937 248 2001 882.
281 1933 411 2016 ἒτόλμησ’
442 1937 535 2015 εὐθὺς
561 1937 597 2002 οὐ
618 1936 693 2018 πρὸς
713 1935 822 2019 ἡδονὰς
842 1944 960 2016 μουσῶν
980 1939 1081 2022 couni-

119 2046 201 2101 σθαι.
244 2035 424 2120 Praepositio
443 2037 518 2121 πρὸς
538 2039 683 2124 significat
705 2037 734 2099 h.
754 2036 775 2100 l.
799 2037 980 2117 seeundum,
1000 2040 1084 2120 quod

120 2140 232 2198 attinet
254 2136 306 2199 ud.

184 2234 219 2296 V.
244 2232 336 2298 1003.
381 2236 459 2300 Malo
482 2235 677 2312 Schuetzius‚
701 2232 874 2315 Elmslcjus,
897 2231 1080 2298 Blomiicidus

118 2338 216 2412 κῦμα
231 2333 431 2397 accusativum
454 2348 520 2398 esse
541 2345 691 2418 putarunt,
715 2344 746 2396 ut
765 2331 823 2395 leni
845 2330 1082 2414 interpunctione

100 2442 186 2516 *post
208 2429 298 2512 ὀχλεῖς
319 2432 413 2514 posita
436 2453 543 2496 sensus
564 2433 620 2495 sit:
644 2435 792 2495 molestus
813 2450 865 2503 eo,
881 2433 1013 2510 frustra
1033 2453 1082 2493 mo

118 2533 205 2593 uelut
217 2535 356 2608 fluctum
376 2530 510 2595 ιιισιῖοιο
532 2541 671 2595 conotus.
703 2537 781 2612 κῦμα
800 2537 846 2591 cst
868 2529 1081 2608 nominativus,

118 2641 149 2694 et
171 2629 320 2713 Stantejus
349 2643 430 2694 recto
451 2631 558 2695 vertit:
595 2639 631 2692 tu
652 2629 728 2692 mitt
747 2629 968 2703 uelutfluctue
988 2630 1082 2691 mole·

118 2739 187 2792 stus
210 2749 243 2789 eo
257 2733 404 2809 frustra,
424 2732 654 2812 persuadendo.
696 2729 793 2812 Atque
816 2728 857 2791 ita
878 2727 972 2790 locum
997 2727 1082 2790 intel·

120 2829 263 2891 texerunt
288 2826 429 2890 Moreilus
459 2838 489 2891 et
515 2830 663 2892 Butlerus.
708 2827 782 2891 Nam
809 2836 943 2889 contorta
964 2816 1081 2890 illorum

119 2928 253 2990 virorum
268 2925 469 3008 interpretatio
485 2937 543 3001 ost,
564 2949 653 3011 quum
674 2948 759 2990 nomo
778 2926 930 3008 quisquam
943 2927 1083 2999 fluctum

118 3026 254 3089 euadere
271 3033 430 3087 conaturus
448 3025 506 3098 sit3
531 3046 625 3108 neque
644 3026 836 3087 Prometheus
858 3043 891 3084 so
909 3043 974 3083 cum
993 3023 1082 3087 fluctu
1166 3020 1169 3027 ’

120 3119 312 3206 comparabit,
337 3122 386 3183 sed
406 3123 545 3186 Mercurii
566 3126 662 3207 potius
682 3125 825 3207 linguam,
848 3140 936 3201 quum
956 3119 1002 3183 hic
1022 3142 1083 3184 nou

120 3226 223 3294 abeat,
256 3220 306 3283 sed
337 3220 449 3304 garritu
480 3242 533 3290 suo
565 3226 675 3285 frustra
705 3221 842 3286 sollicitet
862 3217 1079 3282 Prometheum.

121 3325 241 3387 Fluctus
263 3332 360 3384 autem
382 3321 495 3384 natanti
516 3322 565 3386 vel
588 3320 739 3404 naviganti
761 3315 879 3384 molesti
899 3326 979 3379 sunt.

182 3420 219 3484 V.
244 3420 483 3485 1005-1008.
528 3417 716 3504 ,,μνιόμην,
738 3416 914 3483 senteutiam
934 3434 977 3476 sc.
998 3413 1083 3497 quasi

116 3519 225 3605 judicis
254 3520 485 3594 damnatoriam
516 3539 542 3582 s.
573 3518 727 3582 consitium
750 3520 785 3582 do
807 3514 980 3581 Prometheo
1002 3522 1084 3577 acer*

160 3632 306 3671 nuscum
326 3632 526 3672 rnounrunno
545 3633 646 3672 uuor.
874 3616 914 3679 17
960 3643 961 3650 ι
