2436 4116
135 300 199 366 158
451 303 777 366 COMMENTARIUS
870 314 873 321 ’

131 468 221 550 εἰχον.
241 501 283 516 -
303 463 502 551 παρήορον.
533 468 706 553 Μεῑερίιοτε
732 478 847 553 sumpla
863 463 921 532 ‘est
948 471 985 534 ab
1013 493 1089 556 equo

130 568 242 644 funali,
263 566 311 651 qui
329 565 403 650 jugo
426 587 490 630 non¹
503 568 649 631 coercitus
671 577 734 646 est,
754 564 929 652 παράσειρος
946 569 1020 633 alias
1040 592 1089 655 ap·

130 665 271 750 poliatus3
294 659 443 746 παρήορος
457 663 547 748 igitur
561 665 641 730 valet
656 669 755 750 effuse
766 676 946 750 protensus.
990 667 1088 732 iuter·

129 773 227 848 prebes
257 761 377 826 laudant
403 763 488 826 Hom.
514 763 547 826 ll.
570 764 635 840 vu,
663 766 731 829 156»
762 765 811 830 ubi
847 765 945 831 Schol.
979 766 1085 832 Vener.

128 857 277 944 παρήορος
308 861 435 946 explicat
463 863 691 949 παρηωρημίνος
720 870 760 951 τῷ
788 862 912 944 στόματι,
942 865 1087 930 τουτέστιν

91 967 96 1043 ]
129 959 321 1040 ἐκλελυμένος.
369 960 491 1045 Typhon
517 962 607 1045 igitur
630 963 732 1045 jacere
754 961 860 1026 dicitur
885 962 989 1028 fractis
1015 965 1086 1029 viri-

93 1121 95 1125 ,
128 1062 184 1126 bus
206 1059 294 1142 longe
314 1058 427 1143 lateque
449 1046 612 1143 porrectus.
658 1060 797 1143 Corporis
813 1063 878 1144 ejus
896 1081 964 1146 pars
981 1060 1085 1127 sccun-

129 1162 197 1225 dum
227 1157 383 1223 Pindarum
411 1160 465 1221 sub
492 1159 576 1223 ltalia
600 1159 727 1242 jacebat.
776 1159 822 1222 Cf.
847 1159 931 1225 Ouid.
952 1162 1025 1226 Met.
1047 1161 1081 1237 V,

127 1259 202 1324 346.
224 1336 226 1346 Ι
252 1257 324 1321 inde
350 1278 423 1320 sanc
448 1259 532 1322 venit
559 1256 640 1321 nolio
668 1256 839 1334 dedecoris,
871 1268 902 1321 ct
928 1258 1027 1323 Schol.
1051 1261 1080 1324 B.

128 1357 255 1441 explicat
275 1355 351 1419 hanc
372 1377 475 1419 vocem
497 1354 615 1437 όιιμος,
635 1351 815 1438 ἀπόβλητος,
834 1359 977 1439 μηδεμιᾶς
997 1382 1085 1444 φρον.

125 1458 206 1529 τίὃος
226 1450 403 1534 ἀξιούμενος.

189 1552 324 1617 V.364.
367 1557 581 1628 στενωποῦ,
604 1557 722 1626 socco
742 1557 906 1617 Σικελικοῦ.
1023 1568 1024 1573 ’

187 1648 225 1715 V.
238 1650 311 1713 365.
353 1647 557 1730 ἰπούμενος
577 1650 728 1713 derivatur
743 1652 778 1714 ab
797 1647 873 1729 ἰπος,
896 1651 925 1714 h.
946 1673 974 1716 c.
996 1676 1081 1721 nnuc.

125 1749 254 1814 Verbum
274 1746 365 1830 igilur
384 1749 531 1831 significat
550 1756 717 1822 οαεναιυε,
736 1769 880 1830 pressus,
907 1750 1080 1832 πιεζόμενος,

126 1842 363 1930 ἀναγκαζόμενος.
394 1840 466 1910 'Alii
495 1867 560 1910 cum
583 1844 715 1930 plurimis
737 1846 818 1910 libris
841 1857 870 1911 cl
893 1871 959 1912 cum
982 1852 1078 1917 Scbnb

124 1947 227 2030 legunt
241 1939 412 2024 ἰπνοόμενος
431 1945 467 2007 ab
485 1943 579 2022 ἰπνὸς,
602 1944 633 2008 b.
650 1965 678 2008 e.
692 1949 825 2026 sumus.
870 1947 975 2012 ἰκνοῦν
994 1951 1081 2035 igitur

124 2045 271 2129 significat
287 2046 319 2106 ιἰι
331 2050 501 2127 fornacem
517 2054 657 2118 mutare,
680 2042 710 2107 in
728 2043 845 2128 passivo
861 2055 958 2108 aulem
981 2051 1082 2116 ἰπνοῦ·
1105 2084 1110 2097 1

124 2153 198 2210 σθαι
222 2142 254 2207 in
282 2143 431 2207 fornacem
454 2143 582 2219 mutari,
616 2142 645 2205 b.
669 2163 696 2205 c.
719 2147 822 2226 ignem
844 2152 938 2226 utque
951 2151 1080 2228 sumum

115 2246 257 2326 sundere
277 2252 428 2325 tunquam
441 2241 618 2324 sorbuccm.
663 2239 744 2320 Quae
762 2242 858 2323 imngo
876 2253 994 2326 optume
1012 2271 1080 2332 qua·

124 2346 189 2406 drot
208 2342 240 2404 in
261 2340 385 2404 Aetnam
406 2351 555 2415 montem,
578 2339 627 2423 qui
645 2361 761 2424 semper
780 2343 891 2417 fumat,
913 2353 945 2404 ub
962 2346 1078 2425 furnus,

122 2442 208 2526 cujus
232 2439 310 2524 ignis
340 2460 489 2522 nunquam
516 2439 727 2523 exstinguitur.
776 2439 844 2504 Non
866 2461 942 2524 nego
964 2445 1077 2526 quidem

121 2541 264 2627 Typhona
292 2535 463 2618 ἰποόμενον,
491 2559 625 2622 pressum
647 2548 677 2600 ει
697 2558 887 2621 oppressum,
916 2551 981 2624 epte
1004 2545 1076 2622 dici3

122 2640 174 2702 sed
194 2657 284 2701 voces
304 2637 427 2717 ῥίζαισιν
445 2638 599 2711 Αἰτναίαις
626 2636 685 2700 iimo
707 2636 827 2700 minime
848 2637 1003 2721 requirunt
1025 2643 1078 2708 huc

50 2813 56 2827 Ι
121 2737 260 2806 verbum,
284 2743 316 2797 ul
338 2742 420 2816 putat
438 2733 632 2812 Scbuebzius3
664 2757 731 2799 nam
753 2734 816 2820 ipse
836 2737 953 2799 fumans
974 2740 1077 2806 furnus

120 2835 175 2898 sub
201 2830 348 2896 radicibus
375 2832 484 2896 moniis
508 2835 621 2918 posilns
650 2833 743 2899 videri
772 2836 856 2898 debet
877 2846 906 2899 eb
927 2839 1075 2904 veteribus

119 2933 283 2999 videbatur.
328 2930 422 3015 Cujus
442 2933 572 2997 fornacis
593 2933 674 3017 igne,
697 2932 746 3015 qui
767 2933 982 3011 effundebatur,
1004 2956 1075 3001 usus

119 3043 167 3098 est
191 3031 340 3096 Vulcanus
349 3075 360 3105 ,
390 3032 498 3096 sedens
528 3032 561 3095 in
590 3031 712 3095 summis
741 3030 913 3095 verticibus.
959 3035 1075 3101 Pindari

118 3132 223 3206 locus,
245 3128 295 3193 ubi
316 3151 402 3199 mons
424 3142 549 3195 vocatur
568 3130 718 3215 Typhonis
740 3125 808 3206 ἰπος
828 3127 1005 3213 ἠνεμόεσσα,
1027 3157 1079 3222 pa·
1121 3213 1123 3217 ⁸

117 3252 184 3294 rum
204 3228 339 3292 valetud
361 3231 530 3293 mutandum
553 3241 686 3291 nostrum
706 3229 813 3292 locum.
858 3229 970 3310 Quibus
986 3236 1075 3300 rebus

119 3338 256 3403 accurare
276 3327 447 3413 perpensis,
469 3347 576 3392 vercor
597 3349 634 3391 nc
655 3328 773 3412 vulgata
789 3328 876 3392 lectio
893 3332 1075 3398 restituenda

118 3428 175 3504 sil,
198 3437 300 3511 poetae
323 3425 452 3489 maxime
471 3426 664 3491 conveniens.

178 3524 216 3607 V·
238 3525 310 3590 366.
354 3526 618 3608 μυδροκτυπεῖ,
639 3532 819 3609 σφυρηλπεῖ
837 3524 935 3591 Schul.
959 3528 990 3592 B.
1011 3535 1074 3612 poc·
