2436 4116
100 277 108 292 ‘
208 304 252 364 rs
277 303 479 366 Ausonum
503 305 712 368 rnousrn.
737 304 870 367 truncr.
955 309 1019 370 rso

58 463 144 533 ιιεάει.
186 464 296 552 μύδρος
316 475 444 533 καλεῖται
465 467 484 535 ά
503 471 763 555 πεπυρακτωμένος
784 472 918 554 σίδηρος,
939 469 1020 556 παρά

58 563 88 630 τὸ
110 563 170 648 μὴ,
189 567 239 630 καλ
259 564 293 631 τὸ
313 567 403 652 ὕδωρ.
425 566 442 633 ὁ
461 566 517 654 γάρ
535 571 794 654 πεπυρακτωμένος
813 572 931 652 σίδηρος
950 568 1016 635 οὐδ’

58 663 124 740 ὅλος
140 661 233 749 ὑγροῦ
248 690 327 740 τινος
342 667 458 748 μετέχει,
477 664 549 731 άλλά
562 669 613 732 καλ
626 676 735 749 μᾶλλον
748 673 846 752 ξηροῦ.
869 668 1016 733 8ο1ιολ.Α.

119 763 156 829 V.
181 765 255 829 368.
301 763 375 844 Quia
403 767 485 831 iluvii
506 767 586 850 ignei
608 767 745 832 dicuntur
765 764 936 844 δάπτοντες,
966 769 1020 831 ad·

58 863 149 927 clitum
171 872 219 927 est
237 863 385 928 audaciori
398 866 574 949 nretophora
596 862 710 949 άγρλαις
730 863 865 950 γνάθοις,
888 878 921 931 ut
942 866 1020 951 iguis

59 984 123 1026 cum
144 962 240 1027 helina
262 976 466 1047 comparetur,
489 963 536 1027 cni
558 965 639 1028 ierac
658 963 795 1028 maxillae
814 973 895 1027 sunt.
916 964 1021 1049 -lgnis
1113 1025 1118 1032 .

59 1053 137 1124 enim
162 1069 299 1142 nonquam
322 1062 422 1126 vivum
444 1063 551 1127 animai
571 1073 688 1147 segetes
705 1061 834 1146 depascit
855 1072 885 1126 ot
906 1064 1021 1127 exstin-

60 1158 133 1242 guit.
159 1157 238 1221 inira
254 1181 284 1223 v.
299 1160 370 1225 371.
388 1157 535 1243 άτιλήστου
549 1159 704 1245 πυρπνόου
719 1158 813 1241 ζάλης,
834 1171 864 1225 eh
880 1183 910 1225 v.
927 1161 1020 1226 1046.

59 1256 120 1342 igni
143 1256 282 1321 tribuitur
305 1254 445 1340 άμφήκης
464 1257 629 1344 βόστρυχος.
672 1260 718 1324 Cf.
743 1281 773 1326 ιι·
791 1260 865 1326 728.
889 1258 1019 1345 Choeph.

61 1376 90 1421 v.
113 1355 189 1420 322.
211 1353 306 1440 πυρὸς
326 1355 434 1440 μαλερὰ
454 1356 575 1442 γνάθος.

123 1453 162 1518 V.
185 1455 259 1520 370.
304 1456 513 1533 ἐξαναζέσει
538 1457 661 1541 χόλον,
684 1458 705 1522 i.
730 1479 757 1524 e.
782 1458 908 1522 ebulliet
928 1461 1021 1536 iram,

62 1555 258 1621 effervescere
280 1556 367 1619 faciet
387 1555 480 1633 iram3
502 1557 554 1634 ζέω
576 1568 622 1622 est
642 1560 749 1622 tuton.
795 1556 892 1622 Schol.
916 1556 945 1620 B.
968 1580 1022 1622 cx·

63 1653 169 1738 plicata
202 1650 345 1717 άυαδάσει
366 1657 489 1736 μανίαν,
512 1654 612 1741 ὀργήν.

126 1751 164 1816 V.
188 1751 261 1816 371.
314 1753 379 1837 igni
408 1756 495 1819 etiam
530 1757 600 1838 βέλη
632 1754 822 1830 tribuuntur,
844 1753 926 1838 'qnae
953 1747 1024 1818 sunt
1093 1800 1097 1815 .

55 1855 207 1930 flammae
227 1861 257 1915 et
277 1872 358 1916 saec
378 1857 480 1936 ignea.
522 1850 735 1936 ἀπλήστου,
763 1850 909 1935 άπληστον
929 1853 961 1917 δὲ
981 1854 1024 1917 λέ-

64 1964 135 2037 yet,¹
150 1947 226 2015 διότι
245 1947 278 2014 τδ
300 1957 360 2034 πῦρ
380 1950 452 2034 ὕλης
471 1950 650 2037 δραξάμενον
670 1951 707 2017 οὐ
733 1952 903 2035 sopiamus
923 1953 1021 2016 Schol.

64 2051 101 2117 Α.
131 2049 308 2115 Schuetzius
339 2051 388 2114 vei
413 2046 561 2114 ἀπλάστου
581 2051 629 2116 vel
655 2047 801 2127 ἀπλάτου,
832 2050 907 2132 qnod
928 2051 1024 2115 Biom·

65 2151 150 2219 hatto
177 2150 292 2234 placere
320 2168 409 2233 supro
436 2151 596 2213 notandum
625 2159 708 2224 erat,
742 2147 920 2231 Aeschylum
950 2147 1024 2210 scri·

65 2249 161 2334 psisse
177 2258 271 2333 putat,
290 2258 323 2311 ut
338 2248 394 2310 sit:
415 2251 469 2310 σαι·
483 2250 592 2311 accede·
605 2250 722 2330 υσμιιίι,
741 2245 913 2311 inaccessus
932 2244 1022 2329 ignis.

66 2349 106 2413 At
132 2348 164 2411 in
190 2347 331 2411 librorum'
359 2346 503 2421 lectione,
537 2367 612 2430 quae
644 2367 704 2409 non
725 2345 822 2407 minus
845 2342 945 2428 gravis
967 2353 1025 2418 est,

67 2468 156 2531 quum
176 2446 256 2529 ignis
279 2445 392 2510 dicator
415 2447 614 2521 insatiabilis,
636 2443 878 2528 acquiescendum
897 2442 1025 2507 ridetur.

40 2626 42 2630 y
66 2545 151 2619 Multi
181 2544 246 2608 libri
274 2565 341 2607 oum
364 2543 459 2607 Schoi.
488 2545 520 2607 B.
544 2549 659 2628 θερμῆς
680 2541 837 2616 exhibent,
869 2543 945 2626 quod
966 2543 1026 2606 ior·

67 2656 148 2711 tasse
171 2643 391 2729 praeferendum
416 2653 478 2716 est,
501 2653 534 2706 ut
554 2643 649 2706 trihus
667 2641 802 2726 epithetis
819 2640 865 2706 ris
883 2653 1028 2725 augeatur
1157 2709 1162 2714 ,

68 2744 222 2810 orationis.
276 2741 469 2817 Schuetziusr
504 2741 606 2830 ltaque
639 2742 686 2805 hic
717 2740 840 2826 Typhon
869 2741 1027 2825 resupinus

65 2846 186 2929 jacere,
217 2863 273 2905 neo
294 2841 388 2904 solum
417 2839 480 2924 ipse
500 2840 598 2924 ignem
620 2841 741 2914 efflare,
771 2841 822 2902 sed
843 2839 931 2902 etiam
952 2838 1052 2905 ven?

11 3016 14 3023 ,
69 2954 131 3008 tum
152 2941 309 3004 excitando
327 2940 412 3024 ignes
435 2941 644 3003 subterraneos
667 2940 795 3022 ejicere,
818 2937 963 3023 simulque
985 2940 1030 3002 ie·

68 3043 190 3114 villam,
218 3041 383 3104 fomumet
403 3060 501 3116 saxa,
533 3060 608 3123 quae
629 3048 700 3102 sunt
721 3037 787 3121 ejus
808 3037 893 3119 βέλη,
923 3046 1030 3100 extru-

68 3142 140 3204 dere
161 3136 292 3218 fingitur.

60 3256 63 3260 '
132 3235 168 3300 V.
192 3234 265 3299 373.
309 3230 352 3296 σὺ
379 3231 405 3295 δ’
436 3230 689 3317 σάκάπειρος.
737 3230 801 3295 Jans
830 3231 907 3295 redit
933 3229 1052 3293 oratio'

70 3338 107 3403 acl
128 3335 276 3400 Oceanum
298 3330 411 3414 ipsum,
439 3352 524 3413 quem
547 3332 592 3395 his
614 3331 757 3415 exemplis
779 3331 945 3394 absterrere
967 3336 1031 3390 stu-

71 3438 174 3501 duerat
196 3430 404 3506 Prometheus,
432 3429 587 3512 quominus
615 3429 690 3492 iram
710 3429 794 3495 Jovis
815 3427 872 3491 sibi
893 3426 1030 3491 concilia·

71 3545 137 3600 re'tz
165 3533 214 3595 'I'u
236 3535 333 3616 igitur
353 3529 500 3611 exempto
522 3549 556 3591 es
576 3527 705 3592 edoctus
726 3537 819 3610 etque
840 3529 1031 3610 experientia
